2866 4762
604 272 755 371 -203
800 341 841 350 -

184 485 341 569 adnectit,
367 482 460 549 etex
478 485 687 549 usitatissima
712 487 869 551 sermonis
892 487 1003 551 Latini
1027 487 1261 552 consuetudine

184 594 365 658 orationem
393 615 490 678 quam
522 593 702 657 arctissime
731 593 951 678 coniungendi
978 594 1127 680 intellegi
1155 604 1261 680 potest

183 700 266 765 illud
290 700 389 764 etiam
412 700 516 782 magis
540 712 573 764 et
596 699 797 785 frequentius
821 702 1012 785 pronomine
1034 701 1173 767 relativo
1190 703 1261 767 fieri

185 806 348 872 debuisse.

277 914 419 979 Omnino
432 914 533 998 igitur
544 914 659 979 eodem
671 914 768 978 modo
781 927 871 979 ortae
885 925 960 979 sunt
973 916 1259 981 conformationes:

280 1022 468 1087 Structurae
484 1020 515 1084 I:
540 1021 581 1085 de
598 1021 684 1085 dom.
703 1022 782 1086 139:
809 1025 875 1106 qui,
900 1044 970 1086 cum
994 1043 1063 1086 eum
1086 1024 1180 1088 multi
1201 1075 1207 1087 .
1227 1075 1261 1089 ..

189 1131 388 1215 impedirent,
410 1130 538 1208 reatitit3

276 1247 308 1300 et
332 1246 513 1300 structurae
525 1234 573 1298 II:
600 1235 696 1298 Tusc.
715 1234 747 1298 d.
765 1234 869 1300 1160:
893 1257 984 1320 queue
1008 1258 1078 1299 cum
1102 1235 1262 1301 Cleanthea

189 1345 425 1430 condiscipulus
448 1355 584 1428 reparet,
612 1391 671 1406 ...
695 1345 869 1428 respondit.

279 1450 390 1537 Atque
402 1451 548 1536 quaestio
561 1449 692 1535 quidem
702 1451 917 1534 grammatica
929 1449 1010 1514 haec
1023 1458 1087 1514 est:
1102 1448 1183 1514 Cum
1199 1451 1262 1515 duo

190 1559 366 1641 enuntiata,
381 1580 518 1644 quorum
530 1556 667 1621 alterum
681 1557 723 1621 ab
741 1556 844 1621 altero
856 1556 988 1642 pendet,
1003 1557 1262 1641 comprehensio·

154 1732 156 1736 ,
189 1688 265 1729 nem
284 1665 419 1748 faciunt,
441 1686 579 1749 cumque
596 1665 798 1727 enuntiatum
819 1663 965 1747 pendens
982 1666 1191 1749 anteponitur
1206 1677 1262 1730 aut

190 1773 274 1836 inter
287 1784 393 1857 partes
405 1773 564 1836 enuntiati
575 1772 719 1855 regentis
728 1772 866 1854 ponitur⁷
878 1781 955 1854 tum,
968 1773 995 1835 si
1004 1794 1123 1836 nomen
1129 1772 1264 1859 aliquod

189 1882 224 1944 in
240 1891 377 1967 utroque
393 1881 560 1945 enuntiato
577 1878 685 1964 aliquo
704 1901 835 1943 munere
845 1879 1000 1963 fungitur,
1020 1889 1143 1942 tantum
1162 1880 1264 1944 semel

190 1988 267 2072 poni
301 1988 384 2052 solet
418 1989 451 2051 in
487 1986 642 2051 alterutro
679 1987 855 2069 enuntiato,
888 1987 921 2049 in
950 1986 1184 2051 altercantem
1209 2000 1265 2051 aut

192 2095 384 2180 exprimitur
419 2095 487 2159 eius
521 2095 610 2158 notio
639 2093 894 2157 demonstrativo
923 2093 977 2157 vel
1001 2093 1172 2178 personali,
1209 2106 1265 2158 aut

192 2202 393 2268 subauditur.

281 2309 318 2374 Si
352 2308 432 2372 illud
464 2330 593 2391 nomen,
627 2307 714 2393 quod
743 2308 776 2371 in
805 2318 940 2392 utroque
965 2308 1131 2371 enuntiato
1156 2307 1264 2394 aliquo

191 2438 325 2481 munere
341 2416 496 2498 fungitur,
522 2437 700 2498 pronomen
717 2426 766 2478 est
781 2414 964 2496 relativum,
986 2414 1068 2478 fiunt
1085 2427 1265 2479 structurae

192 2523 209 2586 I
233 2539 265 2587 et
288 2524 333 2606 ss,
359 2538 394 2586 ut
417 2524 451 2587 in
476 2522 602 2588 duobus
626 2522 705 2586 locis
729 2544 826 2606 supra
849 2521 966 2585 alletia.

282 2630 344 2695 His
380 2630 506 2695 duabus
541 2629 713 2694 structuris
744 2628 942 2712 respondent
977 2628 1061 2693 duae
1100 2629 1266 2713 cogitandi

193 2739 348 2802 rationes:

282 2845 471 2910 Structurae
498 2844 525 2926 I,
562 2845 644 2908 ratio
671 2843 788 2927 logica,
818 2843 839 2906 i.
857 2865 885 2906 e.
914 2865 988 2907 cum
1015 2843 1105 2906 notio
1133 2842 1266 2906 relativi

193 2974 266 3016 cum
287 2953 418 3016 notione
435 2952 529 3016 verbi
546 2952 690 3036 primarii
707 2950 915 3034 coniungitur
937 2943 994 3031 (cf.
1012 2948 1151 3035 exempl.
1170 2972 1267 3034 supra

193 3058 246 3123 all.
264 3059 305 3123 de
321 3059 407 3124 dom.
428 3059 524 3141 139)3

282 3166 472 3232 Structorae
496 3167 541 3250 H,
576 3166 660 3229 ratio
695 3163 939 3252 psychologica,
975 3164 996 3228 i.
1019 3186 1045 3227 e.
1076 3183 1149 3226 cum
1177 3164 1266 3227 notio

193 3273 333 3357 relativi,
357 3275 483 3338 ratione
507 3273 614 3358 logica
638 3272 820 3336 disturbata
843 3284 876 3335 et
899 3271 1093 3335 attractione
1114 3270 1265 3353 admissa,

194 3402 268 3444 cum
284 3381 415 3446 notione
428 3381 521 3445 verbi
534 3379 716 3444 secundarii
735 3379 941 3462 coniungitur
958 3377 1013 3456 (cf.
1033 3395 1143 3462 supra:
1169 3377 1265 3441 Tusc.

194 3487 226 3552 d.
244 3488 278 3551 Π
295 3488 363 3567 60).
772 3492 774 3496 ’

284 3595 366 3660 Tres
393 3597 493 3680 igitur
521 3605 595 3659 sunt
629 3593 837 3657 condiciones
865 3593 984 3679 quibus
1012 3601 1210 3656 structura
1232 3590 1268 3654 ΙΙ

195 3716 265 3768 orta
289 3716 354 3768 est:

286 3816 314 3876 1.
341 3809 549 3876 Consuetudo
575 3809 733 3872 enuntiati
757 3807 940 3873 secundarii
965 3805 1198 3892 anteponendi3

284 3920 315 3983 2.
341 3917 547 3983 Consuetudo
588 3930 623 3979 ut
657 3918 690 3980 in
725 3915 834 4002 aliquo
860 3915 1025 3979 enuntiato
1060 3911 1267 3995 vocabulum,

195 4026 281 4112 quod
305 4027 451 4110 graviter
474 4025 603 4106 dicitur,
633 4022 812 4108 particulae
841 4021 1067 4087 subiunctivae
1091 4031 1147 4084 aut
1170 4021 1268 4084 inter-

195 4135 365 4219 rogativae
388 4145 444 4197 aut
466 4132 649 4219 pronomini
672 4130 810 4195 relativo
835 4140 1062 4215 anteponatur3
