2866 4762
607 297 817 361 „96-

266 469 383 524 Casum
403 470 566 522 dativum:

175 559 229 612 Pro
250 559 387 629 genetivo:
412 558 482 611 Phil.
501 558 541 611 IX
561 560 607 612 10:
639 558 687 612 Cui
708 561 730 612 si
752 567 863 613 statuam
886 560 913 612 in
935 559 1026 612 rostris
1048 559 1149 612 decreto
1168 570 1249 612 oestro

176 650 324 709 statueritis,
343 651 414 702 nulla
434 650 488 702 erius
507 650 656 719 lupationem
669 650 812 703 obscurabit
825 649 930 712 obtinio;
950 650 1069 720 (poterat
1082 648 1150 702 diei:
1174 649 1249 702 ouius

178 737 351 808 legationem,
375 739 398 791 si
417 738 457 791 illi
475 738 534 806 (ei);

266 826 319 880 Pro
339 827 506 880 accusativo:
540 826 585 880 Or.
606 828 653 881 19:
682 827 756 889 Quod
775 829 798 880 si
823 828 866 880 ille
890 845 935 880 nee
958 844 1048 880 senec
1072 826 1103 878 L2
1130 823 1249 879 Crassum

177 917 329 987 eloquentem
337 917 448 987 putavit,
461 916 550 968 babuit
560 916 678 984 profesto
688 917 891 987 comprehensam
903 917 988 968 animo
998 915 1128 987 quandam
1133 915 1250 983 sormam

177 1005 340 1076 eloquentiae,
369 1006 411 1058 eui
438 1005 466 1073 (i.
490 1023 512 1058 e.
531 1005 634 1059 formae
657 1005 839 1076 eloquentiae)
858 1006 976 1078 quoniam
1002 1005 1068 1058 nibil
1085 1006 1181 1069 deerm,
1200 1021 1249 1070 eos,

178 1094 266 1165 quibus
289 1094 389 1165 aliquid
412 1103 458 1147 aut
472 1096 660 1164 pluradeeront
684 1096 711 1148 in
729 1113 785 1148 eain
798 1096 915 1163 formam
933 1112 984 1147 non
999 1102 1104 1165 poterat
1121 1094 1250 1146 includens

178 1184 238 1253 (pro
258 1183 285 1234 in
305 1201 393 1253 quam,
415 1184 542 1253 quoniam
561 1184 586 1237 ei
605 1183 730 1251 formae);

270 1271 322 1325 Pro
343 1271 475 1326 ablativo:
495 1272 563 1327 Cato
584 1292 618 1325 m.
638 1273 685 1327 64:
706 1274 870 1336 Quibuscum
884 1292 901 1325 a
916 1282 1006 1326 cuncto
1019 1290 1133 1326 comesse
1144 1273 1251 1343 plausus

178 1369 241 1412 esset
261 1362 391 1432 multiplex
410 1361 494 1426 dutus,
518 1362 612 1415 dixisse
631 1381 663 1415 ea
681 1363 713 1415 iis
732 1364 858 1433 quendam
877 1371 904 1416 et
918 1381 944 1433 q.
962 1381 983 1414 s.
1007 1364 1067 1433 (pro
1087 1380 1120 1415 ex
1144 1361 1251 1431 quibuS,

180 1468 238 1502 cum
259 1449 297 1502 eis
318 1490 324 1500 .
343 1490 348 1500 .
370 1469 389 1514 .;
408 1450 436 1501 in
456 1449 577 1504 oratione
598 1450 727 1520 oblique).
1145 1438 1148 1444 ι

269 1538 385 1593 Casum
406 1539 645 1592 accusativum:

180 1627 232 1681 Pro
253 1627 389 1697 genetivo:
419 1627 452 1680 ad
473 1628 535 1680 sem.
556 1628 596 1680 XI
613 1628 638 1696 6,
664 1629 693 1682 3:
722 1629 790 1700 quod
813 1646 965 1700 petamquom
988 1628 1105 1698 intellepo
1133 1645 1170 1679 nne
1195 1645 1250 1679 eum

179 1717 263 1769 inultis
281 1734 331 1768 esse
345 1716 489 1784 facturum,
509 1725 593 1770 tamen
611 1726 731 1789 appetam.
743 1719 817 1772 buius
829 1719 869 1771 rei
879 1719 1053 1788 principatum
1071 1716 1137 1785 (diei
1149 1715 1250 1786 potuit:

180 1806 255 1859 euius
273 1806 320 1872 rei,
344 1824 506 1877 quamquam
530 1806 658 1878 intellego
679 1826 720 1860 me
740 1826 818 1861 eam.
839 1809 897 1875 ...);

271 1894 322 1947 Pro
343 1894 448 1949 dativo:
467 1895 502 1947 ad
521 1895 584 1948 fam.
605 1895 642 1948 ΙΙΙ
665 1898 688 1962 1,
708 1896 737 1949 2.·
767 1915 836 1967 quem
857 1914 917 1948 eum
941 1895 1049 1948 Romam
1066 1895 1195 1948 remittes.
1217 1934 1223 1945 .
1245 1934 1250 1944 .

181 1984 292 2036 omuibus
311 1985 334 2036 ei
352 1986 482 2050 derebus,
503 2004 573 2056 eluas.
593 1986 656 2056 api.
676 2026 682 2038 .
703 2026 709 2038 .
730 1987 852 2038 eemndatu
871 1985 1019 2047 desuetum

270 2073 322 2127 Pro
337 2073 468 2128 ablativo:
488 2093 515 2144 p.
529 2073 609 2128 Roso.
622 2076 656 2126 A.
669 2074 715 2128 33:
737 2092 798 2145 quos
811 2076 870 2145 qum
883 2091 985 2127 servare
990 2091 1041 2145 per
1051 2074 1252 2144 conpositionem

183 2163 288 2215 solebat.
307 2163 360 2233 ipse
380 2163 412 2215 ab
431 2165 462 2216 iis
482 2165 656 2234 interemptum
674 2172 718 2217 est.

270 2250 388 2305 Casum
408 2252 603 2305 ablativum:

181 2339 234 2394 Pro
254 2341 392 2410 genetivo:
412 2360 438 2411 p.
452 2341 521 2393 Mur.
536 2342 582 2395 29:
604 2342 630 2393 iu
648 2362 698 2412 pua
718 2343 741 2395 si
757 2343 820 2394 satis¹
836 2342 1009 2412 profecissem,
1029 2341 1138 2412 parcius
1158 2343 1254 2394 deeius

182 2430 257 2481 lauele
275 2430 384 2482 dicerem
404 2433 477 2499 (pr0:
497 2430 530 2483 de
551 2430 625 2483 cuius
645 2430 733 2498 laude,
753 2431 775 2483 si
793 2431 820 2483 in
841 2449 892 2483 ea.
912 2471 918 2482 .
940 2433 966 2498 .).

271 2652 423 2706 Protasis
444 2659 587 2706 constat:

184 2743 208 2793 1.
228 2741 272 2793 Ex
292 2760 353 2795 uno
374 2742 563 2795 enuntiato:

272 2829 305 2883 de
326 2829 370 2884 off.
390 2829 428 2883 llI
447 2829 494 2883 94:
515 2832 563 2891 eui,
575 2849 632 2884 eum
650 2840 700 2883 tres
719 2833 859 2902 optationes
872 2831 1007 2903 Neptunus
1018 2832 1136 2898 dedisset,
1156 2833 1254 2903 optauit

186 2919 313 2972 interitum
331 2919 469 2991 Hippolyti
479 2920 534 2987 filii
552 2927 579 2974 et
592 2937 617 2990 q.
632 2938 653 2972 s.
1293 2913 1295 2918 ¹

183 3061 207 3114 2.
227 3061 273 3114 Ex
292 3060 447 3131 pluribus
471 3062 671 3115 enuntiatis:

326 3167 349 3202 a.
369 3149 527 3203 Eiusdem
547 3150 674 3205 ordinis
699 3158 726 3204 et
745 3168 813 3220 quae
833 3150 963 3220 particula
983 3150 1170 3204 coordinativa
1194 3169 1256 3205 con·

371 3239 518 3309 iunguntur
536 3238 579 3293 vel
598 3239 725 3310 coniungi
744 3247 867 3308 possunt:

273 3329 319 3381 Br.
332 3329 397 3382 309:
417 3330 534 3398 quicum
553 3330 715 3383 habitavisset
733 3330 806 3400 opud
823 3348 861 3382 me
880 3347 1022 3400 sueonumque
1039 3329 1152 3396 visisset,
1175 3346 1256 3401 nuper

184 3425 219 3470 est
238 3418 307 3470 donn'
324 3436 393 3469 mene
412 3425 537 3480 mortuus3
556 3437 582 3488 p.
602 3418 693 3471 Plano.
714 3419 760 3472 31:
781 3419 824 3489 qui
842 3419 864 3470 si
876 3427 938 3471 esset
950 3418 1118 3488 turpissimus,
1136 3419 1160 3471 si
1175 3419 1257 3470 sordi-

184 3507 308 3567 dissimus,
332 3514 416 3558 tamen
440 3507 493 3577 ipso
518 3509 615 3560 nornine
637 3509 730 3577 patrio·
746 3508 842 3560 ealeset
865 3508 937 3578 apud
958 3508 1088 3560 obtinentes
1110 3508 1207 3560 iudices
1234 3507 1259 3558 el

185 3595 365 3649 siniserieordes.

274 3685 336 3739 Non
355 3684 556 3755 coniunguntur
574 3703 623 3738 nec
642 3693 756 3755 possunt
775 3686 914 3755 coniungi:
934 3703 950 3737 a
969 3686 997 3753 (b
1020 3686 1096 3753 :A):

276 3774 303 3826 in
327 3774 401 3826 Verr.
426 3773 463 3825 IV
487 3774 535 3827 48:
568 3773 618 3835 Qui
640 3792 696 3826 ciem
720 3775 746 3825 in
768 3775 908 3828 ‹oeeeioium
931 3775 1045 3835 uerisset,
1073 3775 1097 3827 si
1119 3775 1257 3845 qieieipuum

185 3863 263 3916 celati
281 3863 444 3932 adspexerat,
464 3880 554 3915 niaiins
572 3863 700 3915 abstinere
719 3862 812 3915 iudices
832 3882 881 3915 nnn
896 3870 1008 3933 poterat.

328 3953 354 4004 b.
373 3952 508 4006 Diversi
528 3951 669 4006 ordinis:

275 4040 353 4093 Brut.
374 4042 441 4095 130:
477 4043 519 4111 qui
537 4041 590 4093 etsi.
610 4060 664 4092 euni
684 4041 834 4093 rennuerent
852 4042 951 4094 dolores
969 4042 1074 4111 pedum,
1097 4060 1148 4095 non
1171 4043 1259 4095 ileerot

186 4131 212 4182 in
231 4131 323 4182 causis.
343 4137 425 4182 taiieen
447 4132 475 4182 id
492 4148 540 4182 tion
560 4147 636 4199 stupu
650 4128 766 4197 feu-ebat.
1242 4129 1244 4132 ⁴
