2866 4762
527 288 759 351 -157—

193 458 331 529 Apodosis
349 457 415 511 facit
433 464 538 528 partem
556 458 787 528 interrogationis:

193 546 263 601 Phil.
276 546 345 601 119:
375 547 443 610 (laid
460 549 525 600 enini
548 556 583 600 est
601 549 683 600 artinas
701 565 752 599 non
774 547 831 599 dieo
854 549 972 614 oratoris,
999 548 1044 601 sed
1061 549 1174 616 leoninis,

102 655 179 706 quani
196 637 225 689 id
243 636 349 690 obiicere
367 637 525 702 adversario,
545 636 613 706 qaod
631 637 707 688 illesi
722 635 797 689 verbo
816 637 924 707 ornarit,
944 638 1177 708 lonqinsproqredi

104 744 154 778 non
169 726 258 796 possit,
278 726 322 795 qai
340 725 474 778 obiecerit?

188 813 327 884 Apodosis
345 813 411 868 feeit
430 813 666 867 exclamationem:

93 897 96 902 ⁵
189 902 448 970 adfam.X113,1.·
468 904 536 973 qnod
554 905 672 973 quoniam
686 904 831 974 praeteriit,
854 905 952 956 atinorn
977 903 1095 957 haberent
1113 905 1176 974 qnid

100 994 168 1046 vobis
187 995 276 1046 darent
295 993 407 1046 consilii!

188 1082 220 1136 In
239 1083 361 1137 oratione
381 1081 502 1152 obliqua:

189 1171 223 1226 de
236 1172 288 1243 leg.
301 1171 341 1225 ΙΙΙ
354 1172 401 1226 30.·
426 1188 533 1242 qaornin
552 1189 608 1224 eain
626 1180 705 1225 essent
722 1173 873 1242 ntnqnfioae
891 1173 976 1237 villae,
1005 1173 1109 1226 concedi
1125 1173 1175 1225 sibi

100 1269 223 1333 oportere,
242 1263 311 1332 qnod
329 1262 366 1328 iis,
386 1262 430 1330 qai
446 1261 579 1330 inferioris
598 1260 696 1313 ordinis
713 1268 801 1328 essent,
821 1262 915 1313 liceret.

187 1349 340 1404 Relativum
361 1357 466 1420 spectat
485 1349 521 1403 ad
540 1368 572 1403 ee
591 1367 660 1420 quae
680 1357 841 1420 sequuntur:

187 1439 221 1494 de
235 1439 279 1493 off.
292 1438 379 1492 1147:
401 1457 451 1509 qao
470 1445 553 1491 aetate
573 1440 617 1508 qai
635 1446 796 1505 eaeroentnr,
816 1439 891 1492 lande
904 1439 979 1508 offici
990 1440 1077 1506 solent,
1096 1447 1123 1491 at
1141 1439 1173 1492 de

99 1530 263 1583 Demosthene
282 1529 432 1599 accepimus,
451 1546 481 1581 ea
494 1535 578 1584 aetate
590 1527 620 1580 L.
636 1527 743 1580 Crassos
762 1529 869 1580 ostendit
887 1528 916 1580 id
926 1546 952 1580 se
968 1529 996 1580 in
1003 1528 1067 1596 soro
1081 1529 1172 1599 optime

100 1622 152 1681 iaris·
163 1619 264 1687 faeere,
284 1618 352 1688 qaod
370 1618 445 1670 etiarn
464 1625 517 1669 tarn
531 1624 635 1688 poterat
654 1617 723 1668 dorni
740 1635 796 1669 enin
815 1617 891 1669 lande
909 1618 1037 1670 firmarant.

187 1705 360 1760 Parenthesis
378 1705 449 1760 inter
467 1706 590 1775 protasin
609 1713 636 1759 et
655 1705 801 1776 epodosin:

187 1796 224 1850 ad
232 1794 314 1848 fami
324 1794 385 1862 9‚5.·
397 1795 466 1858 Quae
477 1813 532 1848 eonii
541 1795 652 1848 viderent
662 1813 780 1865 -neqae
789 1803 864 1848 erosa
874 1795 981 1848 obseoro
988 1813 1078 1848 -non
1088 1805 1171 1849 toronen

100 1893 151 1938 tani
170 1884 265 1938 acerba
281 1885 344 1936 resilii
361 1885 424 1936 liaeo
442 1884 600 1950 occidebant,
620 1902 695 1953 qnam
714 1893 788 1936 erant
802 1885 849 1936 illa
860 1891 948 1954 orato,
969 1902 1032 1953 quoe
1040 1885 1170 1953 fecerant.

184 1991 225 2044 Et
244 1990 394 2045 eiusdem
412 1997 444 2044 et
463 1991 589 2045 divorsi
609 1990 751 2044 ordinis:

185 2079 219 2133 ad
233 2080 295 2133 fam.
311 2079 349 2132 VI
361 2079 404 2147 20,
417 2080 445 2134 3:
465 2081 510 2149 qai
526 2081 573 2132 etsi
590 2087 626 2132 est
642 2081 816 2150 qrooissiinns,
835 2087 919 2133 tannen
931 2081 968 2131 ita
980 2081 1089 2133 viennas
1107 2088 1130 2134 et
1142 2082 1172 2133 id

99 2170 188 2223 aetatis
205 2171 257 2222 iani
276 2187 360 2222 sannas
379 2176 406 2221 nt
425 2170 518 2235 onmia,
538 2186 601 2238 qnae
621 2187 670 2220 non
688 2176 776 2222 nostra
796 2171 871 2239 erispa
884 2169 955 2221 nobis
967 2169 1095 2234 assidant,
1109 2169 1170 2237 for-

99 2261 156 2312 titer
168 2259 244 2328 ferre
263 2258 403 2311 debeamus.

184 2348 252 2403 Post
269 2347 413 2401 relativum
432 2347 546 2401 alterum
565 2346 720 2401 relativum:

184 2437 219 2490 ad
232 2439 290 2490 Att.
304 2436 331 2489 X
344 2437 387 2503 11,
401 2438 429 2490 1.·
449 2436 538 2506 quibos
552 2455 615 2506 qnae
628 2437 658 2488 cte
666 2436 757 2505 fratre
770 2454 823 2490 'neo
835 2437 932 2503 scribis,
951 2446 1009 2491 sant
1026 2455 1057 2490 ea
1069 2438 1169 2507 quietern

93 2543 187 2597 pararit
200 2530 289 2595 firmo,
308 2526 354 2579 sed
370 2525 462 2578 habent
475 2526 541 2578 niliil
559 2526 680 2593 inanior,
710 2527 774 2578 ntttt
786 2526 879 2594 soliar
893 2565 920 2579 ..
937 2527 1011 2598 ninii,
1031 2526 1098 2596 qood
1110 2545 1168 2591 reon,

96 2633 143 2685 qao
161 2616 229 2680 velis,
249 2632 298 2667 ono
318 2631 430 2667 sermone
444 2616 528 2685 possis
541 2615 692 2685 perdocere.

185 2703 324 2775 Apodosis
343 2702 408 2756 facit
427 2703 679 2774 interrogationem:

184 2791 469 2859 adfam.11110‚10.·
489 2810 553 2863 qaae
572 2800 599 2845 ot
619 2794 731 2845 ornittain
750 2801 802 2845 tarn
820 2794 900 2844 etiaim
918 2801 993 2862 otone
1012 2781 1093 2857 tanta³
1113 2795 1168 2863 qais

95 2901 211 2953 iriiiqnarn
230 2883 298 2936 tanti
315 2900 463 2952 quemqnam
476 2882 544 2950 feeit
563 2890 608 2934 ont
621 2882 713 2950 faeere
728 2883 814 2952 potuit
832 2889 877 2934 aot
900 2882 992 2948 debuit,
1016 2883 1105 2952 ornanti
1122 2900 1166 2952 eqo

96 2970 140 3025 Cn.
160 2971 446 3044 Pompeioin„soeer·nm
465 2979 523 3023 taae
535 2971 627 3038 filiae?

181 3059 353 3114 parenthesis
372 3061 443 3114 inter
460 3066 552 3130 partes
572 3059 717 3130 epodosis:

183 3148 252 3203 Phil.
266 3149 306 3202 IX
319 3150 349 3203 8.-
378 3167 449 3219 qoem
468 3167 524 3201 enni
542 3149 660 3202 videretis
677 3165 705 3200 re
724 3149 804 3220 riiaqis
825 3148 939 3201 seoriam
958 3166 1033 3218 qaam
1052 3149 1166 3201 oratione

92 3247 259 3306 excusantem,
279 3257 331 3291 non
348 3257 392 3292 oos
411 3239 510 3308 quidem
529 3238 642 3291 crudeles
656 3238 793 3305 fuistis-
807 3239 945 3308 quidenna
962 3239 1044 3290 otinas
1060 3239 1088 3289 in
1099 3238 1166 3290 hane

93 3329 206 3381 ordinem
229 3329 362 3381 convenit?
391 3358 422 3366 —
453 3328 504 3394 sed,
533 3345 589 3379 eain
612 3328 749 3398 speraretis
767 3328 832 3379 niliii
853 3345 913 3395 esse,
941 3328 1009 3397 qaod
1030 3345 1079 3380 non
1097 3328 1165 3378 illios

94 3418 245 3470 anctoritate
263 3424 287 3470 et
308 3418 435 3488 sapientia
458 3417 530 3485 esjiei
548 3424 641 3487 posset,
669 3417 835 3470 oelzeinentias
857 3417 1016 3470 excusationi
1038 3416 1165 3469 obstitistis

93 3516 167 3577 otone
185 3525 248 3574 earn,
268 3508 313 3576 qai
325 3545 351 3559 ..
368 3545 383 3572 .,
401 3506 433 3558 de
452 3507 575 3559 sententio
593 3506 725 3558 deiecistis.

180 3658 207 3711 d:
225 3658 266 3712 Et
284 3658 435 3728 protasis
456 3663 488 3711 et
507 3657 666 3727 spodosis
679 3657 776 3727 plura
789 3657 962 3709 enuntiata
975 3655 1162 3709 continent:

179 3765 202 3817 1.
223 3763 375 3818 Protesis
394 3762 632 3832 complectitur
651 3762 825 3815 enuntiata
844 3761 997 3832 eiusdem
1022 3761 1161 3815 ordinis:

180 3853 331 3924 Apodosis:
362 3888 364 3892 »
1128 3851 1130 3853 ’

177 3950 334 4007 Eiusdem
355 3949 496 4004 ordinis:

179 4041 289 4094 adiam.
303 4040 411 4109 VIIII,
425 4041 453 4094 2:
475 4040 549 4102 anei
567 4041 590 4092 si
607 4048 651 4092 ant
665 4044 699 4109 fit
718 4048 762 4093 ont
777 4040 898 4108 fotnrnni
907 4048 994 4110 pietas,
1020 4039 1112 4110 perfer
1130 4041 1163 4091 is-

91 4139 143 4183 tarn
160 4132 276 4184 militiam
295 4138 319 4184 et
333 4147 465 4201 peritiore.
