2866 4762
535 312 767 375 -179-

205 487 338 553 Scilicet
362 487 395 550 in
420 487 676 552 conformatione

276 617 388 680 quem
412 617 495 659 cum
519 595 768 681 impedirent,
794 586 947 660 restitit

114 725 259 787 pronom.
286 701 463 767 relativum
487 724 598 787 quem
623 700 751 766 duabus
775 702 903 767 vicibus
928 703 1064 767 eodem
1093 712 1184 767 tem·

114 832 205 894 pore
230 810 393 893 fungitur:

330 919 358 980 1.
395 915 516 980 obiecti
539 917 700 980 enuntiati
723 916 919 1000 secundarii,

327 1023 358 1086 2.
396 1023 535 1087 subiecti
559 1025 719 1087 enuntiati
744 1024 903 1108 primarii3

112 1154 197 1218 quae
233 1131 318 1195 duae
346 1130 436 1195 vices
472 1132 533 1195 etsi
568 1132 667 1195 etiam
696 1131 858 1196 disiuncte
887 1133 1027 1218 exprimi
1059 1132 1184 1215 possint

112 1238 386 1303 conformatione:

274 1345 353 1430 qui,
379 1366 462 1408 cum
486 1367 569 1408 eum
592 1354 664 1428 cet,

112 1461 221 1516 tamen
257 1453 485 1535 exprimuntur
520 1474 627 1537 saepe,
663 1452 885 1536 implicatione
921 1461 952 1516 et
987 1453 1182 1517 conflatione

110 1559 263 1641 admissa,
288 1559 350 1624 hac
374 1559 493 1623 forma:

273 1690 383 1752 quem
400 1689 481 1731 cum
500 1677 562 1731 cet.
581 1665 668 1746 (nam
686 1667 832 1752 profecto
849 1667 911 1731 hoc
928 1677 977 1731 est
992 1666 1182 1751 intellegen-

380 1774 503 1838 dumex
525 1774 691 1858 Kruegeri
713 1774 838 1838 verbis:
860 1773 1179 1859 „Verschrankung“

380 1890 412 1944 et
443 1876 760 1965 „Verschmelzung“
788 1880 1000 1959 (Untersuch.
1026 1904 1056 1965 p.
1085 1880 1180 1963 237);

110 2009 177 2072 qua
199 1988 304 2051 forma
327 1987 392 2051 duo
414 1989 582 2052 enuntiata
605 1989 785 2052 arctissime
802 2010 840 2051 eo
858 1989 1047 2072 pronomine
1070 2011 1181 2073 quem

110 2095 364 2178 coniunguntur,
397 2117 472 2159 nam
500 2097 534 2159 in
562 2096 752 2179 pronomine
777 2117 888 2181 quem
917 2096 1001 2159 duae
1031 2095 1180 2160 diversae

109 2211 218 2286 partes
253 2203 424 2287 utriusque
460 2204 619 2267 enuntiati
654 2203 851 2267 conflantur:
891 2204 947 2288 qui
981 2201 1180 2283 (subiectum

109 2310 271 2373 enuntiati
288 2310 447 2395 primarii)
465 2323 497 2374 et
513 2333 587 2375 eum
600 2310 779 2392 (obiectum
792 2311 953 2375 enuntiati
965 2307 1179 2391 secundarii):

109 2439 206 2502 quem
219 2443 261 2467 =
272 2418 329 2502 qui
346 2440 429 2499 eum.
454 2417 537 2482 Cum
550 2418 611 2482 hoc
625 2420 776 2500 occurrit,
794 2419 821 2482 si
838 2428 947 2483 tamen
963 2420 996 2482 in
1009 2420 1179 2483 enuntiato

108 2525 261 2608 primario
292 2527 381 2589 notio
405 2525 535 2590 relativi
562 2522 699 2611 (quem)
728 2527 894 2591 interdum
922 2526 1179 2590 demonstrativo

107 2632 312 2715 exprimitur,
337 2632 399 2696 hoc
420 2633 457 2697 fit
472 2633 569 2697 modo
586 2634 828 2717 perspicuitatis
845 2655 954 2716 causa,
979 2634 1079 2718 idque
1104 2656 1180 2699 cum

107 2738 192 2803 alius
208 2739 329 2804 debeat
351 2763 421 2804 esse
442 2763 537 2804 casus
553 2740 802 2804 demonstrativi
822 2763 861 2804 10
876 2742 1098 2805 nominativus
1122 2753 1179 2805 aut

107 2847 387 2910 1001011111.-
412 2847 495 2911 Cum
519 2847 732 2911 haecomnia
756 2856 789 2911 et
812 2857 981 2931 praeterea
1001 2847 1062 2911 hoc
1079 2850 1178 2912 etiam

109 2954 363 3038 consideramus
378 2977 555 3040 pronomen
572 2955 746 3018 relativum
763 2976 872 3040 quem
889 2977 954 3018 non
971 2956 1176 3020 enuntiatum

106 3062 338 3126 secundarium
362 3062 418 3126 sed
443 3063 633 3147 primarium
657 3085 731 3126 cum
756 3062 1028 3146 praecedentibus
1044 3064 1177 3127 coniun-

105 3191 193 3254 gere,
224 3179 368 3253 apparet,
398 3179 435 3234 ut
459 3171 648 3253 Kruegerus
672 3171 832 3254 opinatur,
858 3192 1034 3253 pronomen
1059 3193 1174 3255 quem

105 3276 191 3340 idem
227 3299 297 3340 esse
331 3277 506 3341 relativum
537 3278 604 3363 qui
636 3300 679 3341 ex
707 3277 812 3341 forma
839 3278 920 3363 qui,
958 3299 1042 3342 cum
1077 3300 1175 3360 eum,

105 3383 164 3447 sed
186 3383 409 3468 implicatione
435 3394 468 3448 et
490 3384 684 3449 conflatione
710 3384 805 3469 paulo
830 3394 1001 3449 mutatum.

194 3476 354 3570 Quaeres
371 3514 445 3556 cum
463 3491 590 3556 subtilis
607 3493 659 3574 eit,
682 3492 778 3556 liceat
794 3492 889 3557 nobis
905 3494 1010 3573 ipsum
1028 3492 1175 3575 Kruege·

103 3620 175 3662 rum
192 3597 380 3684 loquentem
397 3599 569 3680 faciamus,
594 3599 659 3682 ille,
686 3610 856 3685 postquam
880 3599 1093 3682 (Untersuch.
1111 3608 1174 3663 cet.

102 3728 133 3790 p.
151 3705 216 3770 237
230 3703 316 3792 sqq.)
329 3707 369 3771 de
383 3716 548 3771 structura
563 3707 599 3771 ll
611 3707 766 3791 disputat,
783 3708 817 3770 in
834 3730 899 3792 qua
914 3707 996 3770 nihil
1013 3707 1094 3771 dicit
1104 3728 1174 3770 esse

101 3814 230 3897 mirum,
255 3836 330 3879 cum
354 3816 443 3878 notio
467 3814 598 3879 relativi
621 3817 655 3879 in
679 3825 817 3901 utroque
842 3816 1009 3880 enuntiato
1034 3814 1174 3878 eundem

102 3943 215 3985 casum
240 3921 376 4005 praebet
412 3923 478 4002 (ex.
503 3944 567 4006 gn:
594 3923 736 3986 animum
766 3944 854 4006 rege,
890 3923 947 4008 qui
979 3922 1042 3986 nisi
1071 3931 1173 4006 paret,

101 4027 264 4112 imperat),
277 4030 324 4094 sic
336 4031 455 4114 pergit:
472 4028 602 4113 ,Allein
613 4030 671 4094 der
681 4028 1173 4115 lateinischeSprachgebrauch

104 4137 204 4220 „ging
228 4137 261 4200 in
280 4137 353 4201 dem
371 4137 511 4204 Streben
528 4138 612 4202 nach
633 4137 972 4222 Verschrttnkung
994 4136 1061 4200 und
1079 4136 1173 4201 Ver-

957 4239 1012 4292 12*
