2866 4762
612 261 819 324 -97-

322 452 344 489 c.
365 433 546 503 Utriusque
566 433 706 487 ordinis:

270 541 306 576 or.
327 541 350 576 c.
371 541 392 576 s.
412 541 450 594 gr.
471 540 511 593 eg.
531 522 577 577 37:
612 523 661 584 Qut
683 542 739 576 cara
761 526 895 590 statuisset,
922 525 973 576 nisi
992 543 1041 594 per
1062 542 1106 578 voe
1128 543 1165 577 me
1188 527 1252 578 eci-r

173 621 299 684 pererret,
318 613 422 665 eandem
441 612 525 665 subire
538 612 685 679 fortunam,
709 620 784 684 atque
807 613 870 665 idern
894 613 943 665 siti
966 615 1117 667 (Iontioilimu
1142 623 1166 667 et
1184 615 1251 667 vitoe

177 712 201 756 et
219 702 307 754 coortis
326 703 480 772 (tepesceret,
501 710 583 755 toraca
603 720 731 772 arrrrquom
750 720 795 754 aec
813 703 1012 774 teneritudinem
1031 704 1124 775 neyotii
1142 722 1188 756 arec
1201 743 1208 756 .
1222 743 1249 756 ..

174 792 314 862 pertlmuit.

268 958 488 1013 Parenthesis
509 959 707 1014 collocatur:

267 1059 341 1113 Inter
360 1060 482 1129 protasin
502 1066 529 1112 ct
549 1058 693 1129 apodosin:

270 1149 337 1219 Top.
358 1149 406 1202 64:
426 1167 491 1220 qnae
510 1167 662 1220 praeraptam
680 1156 739 1201 snat
756 1150 916 1202 voluntariae
934 1182 968 1189 -
993 1150 1166 1220 obinrqotioae
1185 1151 1250 1203 caim

177 1248 202 1291 ct
221 1239 391 1291 ‹almooitione
416 1239 569 1291 deliciantur
594 1270 623 1276 —
649 1245 733 1290 tornea
756 1239 848 1291 tabeat
870 1246 954 1291 tentos
976 1248 1065 1296 laotos„
1099 1248 1125 1292 at
1144 1247 1171 1293 et
1184 1257 1210 1310 q.
1228 1258 1249 1293 e.

269 1345 342 1398 Inter
361 1351 452 1415 partes
472 1343 603 1397 enuntiati
623 1343 740 1398 relativi:

269 1433 338 1486 Phil.
358 1433 370 1485 I
390 1434 436 1488 10:
475 1435 519 1504 qai
543 1452 693 1504 perrrrnqaom
719 1452 814 1504 porion
843 1442 899 1487 erat
923 1465 956 1473 -
982 1435 1010 1485 irl
1035 1435 1099 1486 culm
1128 1435 1210 1505 apator
1233 1455 1249 1487 e

179 1524 261 1575 Bruto
282 1524 415 1575 auctiorem
435 1553 468 1560 —
488 1541 505 1574 o
518 1523 607 1594 quibua
626 1523 747 1575 debuerat
765 1524 876 1586 adiutas,
896 1532 978 1576 toalea
993 1563 998 1574 .
1014 1563 1020 1575 .
1035 1563 1041 1575 .
1056 1542 1172 1594 anappum
1191 1524 1252 1575 rm'lri

177 1613 313 1666 videbatur·
329 1613 439 1683 pluriam
460 1619 613 1664 cerneretur.

271 1707 317 1753 aut
340 1701 411 1754 inter
429 1707 520 1770 partes
544 1700 624 1771 primi
648 1700 779 1753 enuntiati
803 1699 1024 1754 conformationis
1048 1719 1064 1752 a
1082 1701 1186 1768 (btA):
1216 1701 1249 1753 de

144 1799 147 1804 ’
176 1789 263 1844 onii
287 1790 351 1854 313;
385 1796 432 1843 aut
456 1791 526 1842 inter
552 1789 667 1859 primum
691 1795 718 1842 et
741 1788 855 1842 alterurn
879 1787 999 1841 eiusdem
1029 1788 1249 1844 conformationis

177 1881 205 1946 (a
218 1879 278 1945 cll)
294 1896 300 1931 :
316 1880 351 1945 A)
376 1878 557 1932 enuntiatum:
575 1879 621 1931 ΒΓ.
642 1877 701 1931 115.

269 2003 299 2055 ln
320 2004 422 2073 protasi
446 2021 495 2074 pro
515 2004 654 2057 enuntiato
677 2003 789 2057 relativo
813 2003 980 2057 enuntiatum
999 2003 1197 2057 substantivum
1223 2011 1250 2057 et

179 2093 279 2147 locutio
300 2111 315 2144 a
334 2111 388 2163 qua
406 2092 473 2146 illud
492 2092 605 2162 pendet:

268 2182 303 2235 ad
321 2182 385 2234 lam.
405 2182 432 2235 X
453 2183 495 2249 31,
515 2183 544 2236 2:
564 2202 633 2253 quem
654 2183 753 2235 traiector?
771 2200 840 2234 :cerno
860 2191 895 2234 eat
914 2182 958 2252 qui
975 2183 1061 2234 videre
1079 2183 1146 2249 velit,
1165 2189 1247 2234 tranen

180 2290 338 2343 rzeqaaqeam
353 2272 465 2342 proinde
489 2291 520 2324 ne
539 2273 630 2341 alono
653 2256 689 2324 lat
712 2272 819 2323 oderant
838 2272 948 2323 lromr'ncr
976 2270 1021 2338 (cl.
1041 2289 1121 2341 quern
1141 2272 1249 2325 tametsi

178 2379 257 2415 nemo
277 2360 368 2415 videre
388 2360 471 2428 velit).

268 2495 299 2547 In
319 2494 433 2565 apodosi
452 2513 501 2565 pro
522 2495 660 2548 enuntiato
680 2495 806 2564 primario
828 2496 949 2564 usurpari
971 2501 1062 2565 potest
1081 2495 1249 2548 enuntiatum

181 2584 382 2638 substantivum
401 2591 429 2638 et
447 2583 548 2638 locutio
568 2602 583 2636 a
602 2602 655 2654 qua
673 2583 741 2636 illud
760 2583 873 2655 pendet:

269 2673 302 2725 de
322 2672 375 2727 div.
395 2672 421 2725 Il
442 2673 506 2727 128:
536 2692 599 2744 paroc
623 2674 645 2724 ri
668 2674 721 2725 ralia
740 2673 816 2741 solra
840 2674 893 2725 alie
916 2691 985 2741 aero,
1013 2693 1063 2744 qtae
1088 2681 1148 2726 nota
1171 2675 1248 2726 inter-

178 2771 317 2815 noscantur·
335 2763 401 2814 aare
419 2781 480 2815 sara
499 2763 586 2824 veliam
611 2761 643 2813 ad
665 2761 697 2826 Q.
710 2761 742 2814 fr.
762 2761 774 2813 l
793 2763 818 2829 1,
838 2762 883 2815 19:
905 2761 974 2824 Quae
994 2781 1048 2814 carn
1068 2763 1171 2815 lroaesto
1190 2763 1248 2829 rint,

175 2852 266 2904 <livino
284 2851 421 2904 videantur
439 2870 536 2904 terreae
554 2860 596 2904 cet.

269 2939 410 2994 Structura
428 2939 454 2992 ΙΙ
473 2940 617 3011 dupliciter
634 2942 676 2994 fit:

272 3066 297 3117 p.
319 3045 385 3100 Sull.
406 3047 451 3101 74:
481 3048 531 3110 Qut
553 3066 607 3099 (aaa
637 3049 715 3100 natata.
739 3048 841 3099 lateret
863 3047 1028 3100 invitamento
1057 3047 1125 3098 arbi-r
1149 3055 1172 3099 et
1190 3046 1250 3114 fori

178 3177 184 3188 .
205 3176 210 3189 .
230 3176 236 3188 .
261 3136 331 3204 at'ea't
354 3136 386 3187 ab
412 3137 490 3189 erulis
517 3137 606 3189 vostris
629 3145 653 3189 rt
676 3156 729 3188 rum
751 3138 812 3221 ¹layo
837 3136 997 3200 r’etinerrtru',
1026 3136 1079 3206 apso
1106 3157 1132 3188 ro
1160 3137 1248 3188 oxn'le'o

172 3245 257 3296 praere
277 3226 397 3277 :territavit

268 3349 407 3404 Structura
427 3351 453 3404 II
472 3351 500 3402 in
520 3351 640 3404 oratione
661 3349 782 3420 obliqua:

268 3441 325 3496 Cat.
340 3460 374 3492 m.
389 3441 436 3494 64:
458 3442 552 3503 (loribus
566 3461 619 3492 ram
639 3460 655 3492 a
670 3450 759 3493 retecto
778 3458 893 3493 rotiana
909 3443 1018 3510 plausus·
1037 3448 1098 3492 (aaa
1116 3440 1248 3510 'tirtrlte'plea

175 3531 261 3596 dorne
282 3531 376 3583 (llae'xsc
395 3548 426 3583 ea
446 3532 476 3582 iis
495 3533 627 3601 quercetum.

267 3654 301 3708 In
328 3656 467 3710 enuntiato
488 3655 601 3710 relativo
629 3672 678 3725 pro
701 3654 834 3724 particula
861 3653 978 3723 quadam
1007 3653 1177 3706 subiunctiva
1205 3651 1248 3705 vel

176 3744 335 3810 adverbiali,
355 3743 487 3814 particula
500 3744 692 3813 interrogativa
711 3743 828 3812 ponitur,
848 3760 929 3812 aqua
948 3741 1123 3811 interrogatio
1138 3740 1248 3810 obliqua

177 3833 283 3904 incipit:

268 3923 295 3975 in
318 3922 391 3975 Verr.
412 3922 429 3975 l.
448 3921 487 3973 ΙΙΙ
511 3921 557 3974 59:
589 3921 633 3991 qai
660 3921 868 3991 partiardmodum
899 3925 979 3972 essent
1006 3920 1111 3990 occepta}
1144 3918 1246 3984 iudices,

175 4013 286 4064 claritatis
305 4028 336 4064 ra
356 4011 424 4081 ι’ρείκ.

268 4101 423 4154 Pronomen
442 4100 583 4153 relativum
603 4099 710 4152 videtur
728 4097 877 4151 subaudiri:

230 4207 261 4249 M.
