2866 4762
602 278 833 342 -100-

608 539 735 628 caput
757 540 824 609 111.

270 689 444 775 Exempla,
469 688 647 774 dequibus
671 689 704 752 in
728 689 789 752 hoc
806 689 914 774 capite
931 688 1156 773 tractabimus,
1182 712 1252 753 ora-

180 798 277 863 tionis
300 797 589 862 conformationem
614 795 782 878 exhibent,
811 797 845 859 in
873 818 939 882 qua
966 818 1145 882 pronomen
1170 796 1251 861 rela-

179 906 284 969 tivum
308 914 436 968 tanturn
459 903 620 967 enuntiati
644 903 830 967 secundarii
858 904 1134 968 constructionem
1159 905 1252 991 sequi

179 1021 286 1099 potest
321 1022 353 1076 et
382 1013 451 1075 eius
481 1012 570 1076 notio
595 1019 724 1075 tantum
748 1012 916 1075 enuntiato
941 1011 1134 1077 secundario
1159 1014 1252 1077 attri-

179 1119 306 1200 buitur3
342 1118 471 1201 deinde,
507 1130 544 1182 ut
572 1119 605 1182 in
630 1127 795 1182 structura
816 1117 861 1201 II,
888 1119 934 1182 sic
958 1120 992 1182 in
1015 1119 1112 1184 huius
1135 1121 1268 1186 tertiae.

179 1235 361 1291 structurae
397 1225 476 1289 locis
512 1226 718 1289 enuntiatum
754 1224 982 1290 secundarium
1018 1227 1188 1312 praeeedit
1219 1238 1252 1292 et

178 1345 308 1421 praeter
331 1355 510 1418 pronomen
535 1333 719 1414 relativum,
756 1333 843 1397 unde
867 1334 992 1418 incipit,
1030 1335 1129 1397 etiam
1152 1337 1251 1420 parti·

178 1440 286 1505 culam
311 1439 554 1504 subiunctivam
579 1450 636 1504 aut
660 1439 798 1504 alterum
814 1438 990 1504 relativum
1006 1441 1250 1525 complectitur3

178 1549 260 1613 haec
284 1549 385 1632 igitur
408 1557 571 1611 structura
586 1546 639 1610 III
663 1547 782 1611 formas
807 1557 990 1612 structurae
1006 1548 1033 1631 I,
1058 1570 1133 1612 cum
1150 1571 1250 1613 enun-

178 1657 294 1720 tiatum
331 1654 560 1718 secundarium
595 1653 814 1740 subsequitur,
850 1654 1009 1740 praebere
1037 1677 1102 1720 non
1132 1666 1249 1741 potest.

178 1763 275 1843 Quod
303 1772 340 1827 ut
369 1773 481 1846 aperte
504 1763 731 1847 perspiciatur,
762 1763 971 1826 conferantur
998 1761 1098 1827 velim
1124 1762 1158 1826 hi
1185 1773 1251 1828 tres

178 1872 242 1936 loci
266 1872 300 1934 in
324 1870 443 1956 quibus
467 1871 624 1933 occurrit:

267 1978 440 2044 Structura
462 1977 492 2041 I:
526 1977 567 2041 de
589 1977 673 2040 dom.
696 1976 773 2041 139:
800 1979 866 2060 qui,
890 2000 960 2040 caat
985 1999 1055 2040 earu
1077 1978 1171 2042 malti
1187 2028 1194 2042 .
1213 2028 1246 2042 ..

176 2088 377 2172 impedirent,
401 2086 515 2148 restitit
522 2109 532 2160 3

268 2193 439 2258 Structura
455 2191 505 2255 II:
530 2192 628 2255 Tusc.
646 2190 728 2276 disp.
746 2190 854 2255 1160:
881 2214 971 2276 quera
992 2215 1062 2254 cura
1087 2191 1249 2257 Cleanthes

176 2314 304 2386 reparet
322 2351 328 2364 .
348 2351 380 2364 ..
405 2301 584 2384 respoudit5

268 2408 441 2473 Structura
464 2407 529 2470 III:
556 2406 639 2470 Phil.
659 2405 745 2470 XIII
763 2405 820 2471 28:
846 2409 903 2490 qai
925 2409 955 2469 si
977 2429 1082 2470 caraea
1100 2410 1247 2488 picerent,

179 2517 293 2580 bellam
318 2518 444 2580 ornm'no
468 2515 525 2578 hoc
548 2537 611 2576 aaa
626 2515 755 2596 fuisset.

269 2623 321 2687 De
345 2623 480 2703 ratione,
505 2643 590 2707 quae
610 2622 697 2685 inter
712 2621 770 2684 has
787 2630 852 2685 tres
868 2630 1048 2685 structuras
1065 2621 1248 2705 intercedit,

178 2732 211 2794 in
237 2731 340 2795 altera
364 2729 593 2815 disputationis
616 2741 709 2814 parte
733 2715 829 2812 plerie
858 2728 1013 2810 dicemus,
1050 2727 1108 2792 ubi
1138 2751 1250 2793 earum

178 2848 328 2903 naturam
365 2837 543 2923 explanare
578 2835 822 2921 temptabimus
880 2835 954 2900 H'oc
989 2834 1059 2900 loco
1096 2835 1250 2922 exempla

178 2954 360 3011 structurae
384 2945 437 3008 III
470 2944 651 3029 disponere,
689 2965 801 3007 eorum
832 2944 940 3007 varias
964 2943 1085 3008 formas
1110 2944 1247 3028 aperire,

178 3076 243 3137 eas,
261 3075 335 3117 curn
352 3075 485 3117 necesse
503 3052 554 3135 sit,
572 3050 738 3136 explicare
755 3051 914 3114 volumus.
954 3049 1066 3136 Atque
1082 3060 1119 3115 ut
1136 3051 1249 3116 eodem

178 3171 323 3247 tempore
363 3160 548 3224 accuratius
584 3170 755 3243 appareat,
796 3166 996 3243 quantopere
1032 3158 1113 3223 haee
1153 3160 1249 3224 tertia

177 3279 341 3334 structura
377 3268 418 3330 ad
454 3267 720 3331 conformandam
756 3265 922 3331 Ciceronis
957 3251 1138 3331 orationem
1173 3289 1248 3332 con-

178 3375 300 3456 tulerit,
326 3376 359 3438 in
384 3374 595 3459 disponendis
619 3373 699 3438 locis
722 3395 786 3437 non
810 3373 913 3437 solum
930 3370 1109 3458 protasis¹),
1134 3397 1248 3439 verum

178 3485 276 3548 etiam
311 3482 461 3567 apodosis
497 3483 656 3545 rationem
691 3480 894 3544 habebimus
948 3480 1102 3546 Ceterum
1140 3490 1178 3547 ut
1215 3483 1249 3546 in

176 3590 311 3676 reliquis
347 3589 510 3674 capitibus
546 3589 633 3653 locos
673 3589 881 3674 disponemus
922 3589 1102 3653 secundum
1137 3611 1249 3654 casum

177 3698 376 3782 pronominis
399 3695 538 3760 relativi.
587 3695 688 3760 Cuius
711 3696 910 3781 pronominis
934 3718 1029 3760 casus
1053 3705 1116 3761 est:

267 3863 287 3928 ¹)
306 3861 381 3915 Haec
401 3861 518 3929 nomina,
537 3861 653 3932 protasis
673 3867 700 3913 et
719 3860 856 3931 apodosis,
881 3879 1044 3931 quamquam
1064 3879 1118 3915 non
1138 3861 1247 3916 omnino

177 3949 285 4019 proprie
304 3950 438 4018 dicuntur,
458 3969 518 4004 oum
538 3950 571 4004 da
591 3948 874 4019 comprehensionibus
892 3949 1012 4004 relativis
1032 3951 1130 4022 agitur,
1149 3958 1248 4018 tamen,

178 4039 304 4109 quoniam
333 4040 448 4093 maxime
477 4046 540 4109 apta
566 4047 629 4092 sunt
657 4039 690 4091 ad
716 4047 808 4109 aperte
833 4044 860 4092 et
883 4039 1041 4109 simpliciter
1060 4040 1248 4107 enarrandum,

178 4128 259 4180 liceat
277 4128 364 4195 nobis,
384 4134 413 4181 ut
432 4128 568 4199 hucusque
588 4128 708 4195 fecimus,
727 4128 764 4181 ita
784 4147 814 4181 ea
834 4129 860 4180 in
881 4128 1055 4198 sequentibus
1075 4147 1211 4199 usurpare.
