2866 4762
616 260 828 322 -61-

185 440 347 501 contraria
363 438 528 500 recitanda
545 450 683 501 orrraooet
701 488 706 500 .
726 486 733 498 .
753 488 759 500 .
777 439 977 521 aliquantum
1001 460 1064 500 erre
1088 450 1256 500 commotos

184 547 311 608 dicitnr.
1268 628 1270 632 ,

274 652 361 715 Huio
389 652 621 715 constructioni
645 650 818 735 persimilis
843 651 973 716 videtur
1000 648 1073 730 (sed
1106 674 1140 713 re
1177 673 1256 714 vera

153 772 155 776 ‘
184 780 249 822 non
285 759 347 836 est)
383 758 486 822 altera
520 759 682 844 quaedam
715 759 868 823 orationis
900 758 1130 837 conformem,
1171 748 1255 843 quae

183 867 338 948 ooourrit⁷
373 888 448 929 oum
479 866 513 928 in
541 867 797 944 construetione,
829 867 870 929 de
899 889 964 951 quo
999 868 1063 928 iam
1099 865 1253 946 diximus

187 974 350 1037 velutin:

273 1082 327 1145 Br.
338 1081 416 1145 309:
437 1086 493 1164 qni
509 1104 579 1144 rum
595 1081 798 1144 habitavisset
810 1082 898 1165 apud
910 1102 957 1142 rue
970 1102 1149 1164 mecumque
1158 1082 1254 1142 nixis-

182 1200 235 1270 set,
260 1211 363 1274 nuper·
386 1201 431 1251 est
453 1191 541 1252 domi
562 1210 648 1250 meae
671 1201 823 1265 mortuus,

182 1296 247 1359 duo
295 1298 464 1359 enuntiata
499 1294 694 1358 secundario
728 1294 872 1357 eiusdem
916 1295 1038 1358 ordinis
1074 1289 1253 1365 ἆσυνδέιως

183 1404 346 1484 dicuntur,
371 1402 476 1466 volut:

273 1511 305 1573 in
320 1511 414 1574 Verr.
434 1510 455 1573 l.
469 1510 499 1572 V
516 1509 593 1573 180:
626 1510 713 1573 Venit
735 1510 815 1571 mihi
836 1513 868 1572 iu
893 1523 1024 1573 mentem
1048 1511 1092 1573 M.
1112 1509 1251 1589 Catonis,

181 1621 318 1682 leontinis
342 1622 571 1704 sapientissimi
594 1632 622 1680 et
648 1621 898 1700 nigromontem}
923 1621 1251 1702 quinamentorum,

180 1749 246 1790 non
264 1749 377 1811 ponere
398 1749 441 1811 po
468 1726 520 1788 ulo
539 1726 684 1788 Romano
708 1728 922 1788 commendari
933 1739 1070 1810 putaret,
1094 1749 1163 1788 curn
1186 1729 1254 1810 ipse

180 1837 233 1898 sui
252 1838 377 1919 perieris
405 1837 533 1897 initium
563 1857 600 1895 ac
629 1837 766 1896 nominis
791 1834 829 1894 ab
854 1856 885 1895 se
907 1837 1000 1916 pipnr'
1023 1848 1051 1897 et
1071 1837 1255 1918 propoqart'

180 1943 281 2021 vellet,
294 1943 456 2005 domiuum
464 1944 755 2026 potentissimorum
767 1945 903 2025 srescrpr't
915 1945 1100 2004 inirnicitr'os·
1113 1956 1141 2003 et
1154 1945 1252 2003 macri·

181 2053 242 2113 nris
267 2050 428 2112 laboribus·
454 2097 460 2110 .
488 2098 494 2110 .
522 2099 528 2112 .
554 2052 642 2112 uiuit.

271 2157 344 2221 Hoc
380 2179 451 2221 eum
488 2158 541 2238 tit,
568 2178 631 2220 non
656 2179 784 2240 sempor
807 2156 904 2220 facile
935 2169 984 2219 est
1008 2156 1111 2238 dictu,
1143 2165 1250 2218 utrum

180 2265 246 2329 duo
288 2266 456 2329 enuntiata
495 2264 689 2328 secundaria
735 2265 881 2327 eiusdem
924 2264 1046 2327 ordinis
1089 2264 1251 2349 particula

185 2373 412 2437 coordinativa
435 2372 591 2455 coniungi
615 2373 749 2457 possint,
775 2394 887 2435 necue.

271 2481 325 2562 Id,
355 2481 417 2544 nisi
446 2480 605 2562 fallimur,
635 2503 699 2543 non
727 2482 954 2564 grammatica,
980 2480 1037 2543 sed
1066 2480 1174 2563 logica
1197 2479 1251 2542 vel

178 2589 221 2652 ad
257 2610 387 2652 sensum
422 2589 606 2673 pertinente
641 2589 767 2652 ratione
797 2590 895 2651 statui
924 2601 1030 2672 potest
1054 2587 1115 2651 hoo
1139 2587 1249 2651 modo:

179 2697 206 2759 si
239 2716 372 2759 neeesse
401 2713 451 2758 est
474 2695 546 2758 fieri
570 2695 620 2772 id,
646 2695 733 2779 quod
763 2697 795 2758 in
820 2696 924 2779 primo
949 2695 1117 2758 enuntiato
1142 2696 1250 2778 expri-

178 2803 292 2884 mitur,
317 2824 381 2888 quo
405 2802 463 2866 fiat
487 2802 531 2885 id,
556 2802 644 2886 quod
668 2804 701 2865 in
726 2803 827 2865 altero
852 2804 1019 2865 enuntiato
1044 2802 1249 2886 exprimitur,

178 2924 248 2973 turn
274 2909 438 2974 interduo
456 2911 629 2973 enuntiata
652 2909 812 2994 particula
837 2910 1061 2973 ooordinrttiva
1084 2909 1161 2993 poni
1184 2932 1248 2972 non

178 3034 300 3103 potest3
337 3019 363 3080 si
387 3030 522 3083 nonest
544 3039 687 3100 necesse,
723 3035 839 3102 potest.
902 3018 972 3080 Hoo
1000 3028 1137 3102 apparet
1161 3032 1249 3080 oerte

179 3146 254 3188 oum
277 3123 366 3188 looos
389 3146 488 3208 supra
516 3124 631 3188 allatos
656 3125 741 3187 inter
768 3147 802 3188 se
830 3125 1035 3188 conferimus.
1095 3119 1248 3188 Ceterum

178 3233 260 3296 haec
284 3233 367 3295 ratio
392 3232 425 3294 in
446 3232 554 3294 omnis
578 3254 662 3316 quae
686 3233 837 3295 novimus
855 3232 1007 3316 exempla
1031 3232 1179 3316 quadrat.
1207 3267 1247 3273 —

269 3374 438 3460 Interdum
454 3376 559 3438 mixta
575 3375 736 3459 quaedam
761 3377 972 3440 conformatio
996 3377 1148 3455 ooourrit,
1174 3397 1248 3438 oum

178 3483 349 3565 enuntiata
364 3504 407 3545 ex
424 3482 543 3566 quibus
560 3484 698 3566 protasis
716 3500 842 3546 oonstat
866 3485 985 3568 partim
1006 3484 1249 3566 coniunguntur

178 3589 341 3674 particula
379 3589 603 3653 coordinativn
641 3591 758 3674 partim
802 3613 865 3654 non
907 3592 1149 3674 coniunguntur
1187 3612 1248 3653 neo

179 3697 334 3781 coniungi
358 3711 503 3782 possunt,
528 3696 634 3761 velut:
1247 3712 1249 3715 ’

269 3805 311 3868 ad
334 3804 410 3869 fam.
424 3805 456 3868 V
471 3805 522 3882 12,
542 3805 575 3868 8:
602 3808 660 3889 qui
680 3829 750 3869 oum
766 3809 874 3868 ceteris
891 3828 1023 3869 coronas
1039 3809 1249 3890 imposuerint

176 3913 346 3977 victoribus
364 3934 531 3996 eorumque
546 3915 677 3976 nomino
693 3937 809 3998 rnoyno
825 3936 897 3976 oooe
907 3916 1160 3998 pronuntiarint,
1178 3936 1248 3976 oum

176 4024 244 4104 ipsi
263 4071 269 4084 .
289 4071 296 4084 .
315 4069 322 4081 .
340 4042 459 4083 corona
482 4022 647 4097 donentur,
674 4022 773 4083 olium
794 4028 983 4105 praeconem
1007 4021 1185 4083 adhibeant.

319 4123 399 4177 Item:
419 4142 445 4193 p.
466 4123 545 4176 Font.
564 4124 600 4176 44
619 4127 696 4193 (quoe
714 4126 787 4192 rum).
