2866 4762
609 264 817 330 ..65-

270 444 323 507 Br.
349 443 406 508 56:
444 443 533 506 Licet
563 444 689 528 aliquid
712 446 806 506 etiam
830 445 869 520 de
894 444 942 523 Mc
963 444 1103 527 Popillii
1124 447 1252 527 inpenio

178 553 355 635 suspicari;
374 553 432 634 qui
442 574 513 613 cnm
525 551 636 615 consul
647 562 723 614 esset
734 553 902 635 eodemque
914 563 1052 635 tempore
1063 552 1253 633 sacrificinm

175 657 340 742 publicum
357 680 426 721 cnm
449 658 541 721 loeno
555 658 692 740 jaceret,
718 660 806 742 qnod
821 660 1016 742 eratflamen
1033 656 1252 738 Carmentalis,

176 766 266 852 plebi
291 777 401 829 contra
426 778 537 850 patres
565 768 772 828 concitatione
800 779 828 829 et
853 767 1006 829 seditione
1032 764 1189 842 nuntiata,
1220 778 1254 829 ut

178 887 248 936 erat
270 873 363 936 laena
387 875 532 952 amictas,
565 876 611 935 ita
640 875 723 935 uenit
751 875 787 935 in
811 875 985 936 contionem
1008 874 1254 957 seditionemque

179 1005 251 1044 cnon
267 983 465 1060 auctoritate,
491 993 555 1043 tum
581 983 723 1043 oratione
747 981 875 1044 sedavit.

270 1124 513 1209 Nonnunquam
551 1136 616 1186 tam
652 1122 761 1208 ampla
790 1122 993 1207 parenthesis
1023 1123 1252 1208 interponitur,

183 1242 221 1294 ut
255 1252 387 1294 neeesse
422 1231 463 1293 sit
495 1231 597 1294 oratio
635 1243 812 1316 repetatur,
860 1230 948 1294 unde
983 1230 1165 1314 interrupta
1200 1232 1253 1313 sit,

180 1337 288 1401 velut:

272 1448 305 1508 in
327 1446 420 1509 Verr.
440 1444 592 1508 l.1139:
629 1447 711 1507 dicit
734 1445 772 1508 L.
797 1445 977 1521 Domitius,-
1002 1448 1059 1529 qni
1076 1469 1145 1508 cunc
1162 1448 1255 1508 sciret

179 1575 227 1614 me
251 1575 289 1615 en
316 1553 432 1615 Mustio
456 1555 527 1614 uico
552 1553 687 1633 aridiore,
720 1554 806 1636 qnod
829 1575 863 1615 eo
887 1575 956 1615 sum
981 1575 1056 1615 usus
1076 1554 1254 1636 plririmurn

180 1695 225 1702 —
238 1662 350 1723 etenim
364 1660 531 1736 iudicium,
546 1661 632 1742 qnod
643 1680 745 1743 prope
756 1662 895 1722 omnium
898 1659 1111 1742 fortunarum
1123 1682 1255 1722 snorum

178 1768 212 1830 C.
229 1768 368 1830 Mustius
392 1767 511 1843 habuit,
548 1789 596 1829 me
619 1788 682 1829 uno
707 1766 891 1849 defendente
919 1769 995 1830 aicit
1022 1803 1065 1808 —
1089 1789 1159 1829 cnm
1183 1767 1251 1846 loc,

178 1888 213 1936 ut
236 1877 318 1952 dico,
344 1877 436 1936 sciret
460 1874 498 1937 L.
523 1874 696 1956 Domitius,
727 1897 775 1936 me
803 1877 883 1938 seire
911 1877 955 1937 acl
978 1897 1046 1936 enm
1075 1897 1124 1938 res
1150 1897 1254 1938 omncs

181 1984 334 2045 illustinm
349 1983 476 2045 solitum
493 2004 556 2045 esse
573 1982 708 2063 deferre,
735 1996 838 2045 tomen
862 1985 899 2044 de
924 1981 1094 2046 Chelidone
1116 1985 1252 2061 reticuit,

180 2092 288 2174 qeeoad
307 2092 427 2174 potnll3

269 2277 384 2339 Liceat
413 2275 507 2340 nobis
538 2299 639 2339 unum
675 2287 801 2340 tantum
837 2276 952 2339 afferre
977 2276 1083 2340 locum
1111 2279 1254 2342 maxime

179 2384 346 2469 proprium
382 2384 438 2469 qui
473 2384 609 2468 aperiat,
644 2404 708 2468 quo
737 2383 832 2447 modo
862 2406 904 2446 ex
933 2384 1253 2467 conformationibus,

179 2514 259 2572 quas
281 2513 379 2575 supra
396 2491 548 2573 vidimus,
578 2491 755 2554 enuntiatis
771 2490 932 2554 inferioris
954 2491 1076 2556 ordinis
1093 2492 1255 2557 adiunctis

178 2599 331 2684 periodus
348 2597 503 2662 Tulliana
519 2620 752 2684 nonnunquam
770 2599 947 2662 exstiterit:

269 2706 489 2769 Confornratio
520 2706 554 2768 in
590 2727 656 2790 qua
691 2706 860 2769 enuntiata
893 2706 1038 2770 eiusdem
1071 2706 1193 2769 ordinis
1223 2723 1256 2770 et

178 2835 263 2898 quae
296 2813 439 2896 protasin
475 2813 600 2875 faciunt
631 2834 693 2875 non
727 2813 969 2896 coniunguntur
1003 2835 1064 2876 nec
1100 2815 1254 2897 coniungi

177 2932 326 3006 possunt:
741 2936 744 2941 '

268 3050 300 3112 p.
318 3026 447 3091 Clusnt.
467 3026 544 3090 140:
578 3026 646 3110 Epo
668 3049 740 3089 uero
762 3029 797 3088 in
817 3029 876 3089 isto
894 3049 1005 3111 ponere
1022 3026 1167 3090 libentius
1185 3051 1254 3090 cunt

178 3138 362 3217 sumturum,
408 3150 472 3197 tnnc
505 3136 641 3198 lrominis
676 3135 925 3219 eloquentissimi
956 3147 984 3198 et
1015 3137 1253 3218 sapientissimi,

178 3245 215 3306 L.
235 3243 353 3325 Crassi,
372 3245 590 3305 anctoritatem
606 3263 736 3325 sequen·
759 3245 902 3326 quicum
920 3241 952 3305 C.
972 3242 1131 3304 Plancum
1148 3242 1253 3324 depen-

177 3354 264 3414 clcret
287 3363 453 3413 accusante
471 3351 516 3412 M.
541 3349 653 3426 Bruto,
680 3350 803 3412 domine
827 3353 861 3410 in
885 3351 1017 3412 dicendo
1042 3349 1212 3412 'uehementi
1227 3362 1255 3411 et

177 3458 305 3533 collido,
325 3451 411 3519 ¹cnm
439 3456 561 3518 Beatus
591 3456 712 3519 duodus
740 3459 806 3518 reci
833 3457 987 3519 tatoribus
1012 3442 1186 3519 constitutis
1216 3479 1253 3518 ea

178 3565 302 3628 duabus
325 3567 391 3627 estus
413 3563 610 3627 orationibus
628 3567 736 3648 capita
759 3565 894 3642 alterna,
920 3567 1001 3626 inter
1025 3586 1056 3625 se
1079 3567 1252 3642 contrario,

176 3674 342 3736 recitanda
370 3683 524 3751 curasset,
562 3673 648 3754 quod
679 3675 714 3732 in
747 3673 945 3733 dissuasione
971 3673 1147 3754 copationis
1175 3673 1252 3749 eius,

178 3802 259 3864 qaae
286 3791 397 3842 contra
425 3780 583 3840 coloniam
616 3777 855 3841 Narbonensem
879 3777 1063 3859 serebatur,
1102 3790 1255 3860 qnantum

172 3899 291 3972 potest,
329 3888 366 3958 de
396 3889 582 3949 anctoritate
609 3898 734 3948 senatus
759 3885 909 3962 detrahit,
946 3888 980 3946 in
1005 3887 1151 3947 suasione
1177 3884 1254 3969 lepis

179 3995 336 4060 Seruiliae
365 3998 495 4057 summis
525 4007 624 4061 ornat
650 4007 792 4057 senatum
826 3993 988 4073 laudibus,
1026 4007 1054 4056 et
1088 3993 1187 4055 multo
1219 3997 1253 4055 in

178 4105 295 4188 equites
323 4103 483 4166 Romanos
508 4125 577 4164 cuns
601 4125 639 4165 en
663 4125 700 4164 ea
724 4104 865 4165 oratione
890 4104 1035 4187 asperius
1064 4102 1149 4163 dictu
1177 4104 1253 4163 reci·

231 4223 263 4263 u.
473 4225 475 4231 ’
1072 4202 1089 4255 5
