2866 4762
606 251 819 314 ..66-

176 461 280 530 toeeet,
299 472 361 534 quo
380 450 482 512 aeime'
492 449 622 512 illorum
633 450 775 512 iudicem
786 449 822 509 ie
836 445 985 510 Croesum
997 448 1247 530 incenderentur,

177 559 377 642 aliquantum
400 578 464 620 eece
487 567 656 620 commotae
680 556 806 618 dieitur.

267 771 508 856 Nonnunquam
545 781 671 833 constat
705 769 806 833 oratio
846 791 889 832 ex
923 768 1051 833 duabus
1089 768 1249 854 partibus„

178 900 314 964 quarum
339 889 478 963 utraque
501 889 697 941 structuram
721 876 756 938 II
780 875 927 939 exhibet:

267 1009 299 1072 p.
317 985 398 1051 Sull.
418 985 474 1049 74:
506 982 571 1063 Qee'
590 1006 660 1047 caet
680 984 779 1046 multe
799 983 925 1047 luberet
939 986 1145 1047 incitamento
1161 984 1251 1046 urbis
1308 1017 1312 1026 ·

179 1106 207 1157 et
213 1094 290 1174 fori
306 1141 313 1157 .
328 1142 335 1155 .
351 1143 357 1157 .
373 1144 380 1156 .
399 1092 484 1175 afuit
504 1092 543 1154 ab
564 1092 662 1155 ecelin
681 1094 802 1170 cestrie,
828 1104 945 1155 etcum
966 1092 1031 1177 lepe
1052 1095 1249 1170 retineretur,

178 1205 247 1286 epae
270 1223 302 1263 ee
326 1201 436 1264 eeee'le'o
457 1222 560 1285 paene
583 1200 738 1262 multavit.

269 1308 395 1372 Eadem
420 1306 646 1390 formantque
670 1327 769 1390 supra
792 1305 849 1370 sed
874 1316 983 1390 partes
1007 1306 1161 1369 orationis
1186 1327 1250 1369 non

179 1417 386 1480 coniunctae:

269 1544 301 1607 p.
319 1520 408 1586 Cael.
427 1522 461 1586 6:
487 1544 568 1605 quae
583 1524 613 1584 ee'
630 1520 824 1606 petulantiae
840 1523 988 1598 laetetur,
1014 1523 1199 1599 eoaee'ee'eut,
1225 1523 1255 1582 ee'

171 1631 325 1714 facetiae,
350 1629 517 1692 urbanitate
539 1631 731 1692 nominetur.

323 1731 403 1785 Item:
423 1729 493 1783 Phil.
513 1731 539 1783 X
559 1731 575 1784 'l
594 1731 650 1801 (qui
667 1731 743 1798 erere).

271 1886 352 1951 Cum
383 1887 426 1968 id,
463 1886 549 1971 quod
586 1887 752 1949 enuntiato
783 1884 920 1948 relativo
948 1885 1152 1970 exprimitur,
1188 1908 1253 1950 non

180 1996 326 2081 graviter
352 1995 473 2065 dicitur
500 2007 556 2058 aut
583 2016 657 2056 cum
686 1993 788 2058 oratio
815 1993 981 2056 incitatius
1008 1993 1090 2076 fluit,
1121 1994 1254 2079 partiei-

182 2104 272 2189 pium
310 2110 488 2186 usurpatur
532 2123 590 2186 pro
634 2100 796 2186 particula
835 2099 1045 2164 subiunctiva
1085 2113 1118 2164 et
1151 2102 1253 2164 verbo

181 2211 283 2293 finito,
309 2210 414 2273 velut:
1049 2291 1052 2295 ⁴

273 2317 314 2381 ad
336 2316 406 2380 Att.
428 2315 477 2378 IV
501 2317 529 2398 l,
550 2318 584 2379 4:
616 2315 670 2378 Ibe‘
691 2313 730 2396 (i.
754 2337 782 2377 e.
804 2314 987 2389 Brundisii)
1013 2315 1092 2377 me'lte'
1119 2315 1257 2378 Tulliola

182 2448 251 2488 enea
259 2425 333 2508 fait
353 2434 481 2508 praeeto
505 2423 609 2485 catali
625 2444 681 2485 eae
698 2425 769 2507 e'peo
787 2424 848 2501 die,
875 2425 933 2506 qui
947 2445 1023 2485 eoae
1038 2424 1122 2486 e'dem
1137 2424 1255 2487 netolic

184 2545 252 2595 eret
276 2543 303 2595 et
326 2531 546 2593 Brundisinae
569 2531 711 2594 coloniae
735 2542 762 2593 et
785 2542 857 2593 tuae
871 2533 994 2593 oe'ee'rtae
1012 2529 1152 2607 Solatia·
1177 2553 1257 2615 qaae

184 2663 233 2703 ree
249 2640 470 2702 animadversa
495 2662 515 2700 a
537 2638 738 2700 multitudine
754 2660 876 2700 cemma
893 2638 1168 2700 Brundieinoeem
1182 2661 1257 2722 pro·

185 2748 336 2810 telotione
371 2745 526 2809 celebrate
561 2758 614 2809 est.
653 2780 693 2788 -
723 2743 843 2829 (potuit
871 2744 950 2808 dici:
988 2767 1072 2829 quae
1102 2767 1154 2808 res
1182 2768 1257 2809 cum

186 2854 415 2918 animadversa
439 2854 552 2934 essetl3

275 2963 348 3025 Hoc
371 2962 466 3026 modo
492 2984 534 3024 ex
551 2960 837 3044 comprehensione
854 2959 994 3023 relativa
1014 2972 1196 3024 structurae
1212 2961 1257 3044 ΙΙ,

185 3070 277 3133 velut
300 3070 396 3133 haec:
427 3091 534 3154 quae
560 3091 629 3132 res
653 3090 746 3131 cum
774 3068 1094 3132 animadversa
1122 3084 1257 3151 esset,

186 3199 332 3242 summa
366 3177 404 3238 Β.
442 3175 712 3259 gratulatione
752 3174 950 3239 celebrata
989 3186 1049 3239 est
1081 3175 1119 3238 fit
1157 3198 1258 3240 unum

189 3285 404 3349 enuntiatum.

332 3385 412 3438 Item:
438 3385 471 3437 de
491 3403 529 3439 or.
550 3384 559 3436 l
580 3386 610 3452 33
633 3385 678 3438 Br.
700 3385 763 3452 1973
787 3385 853 3452 9333
877 3384 910 3438 de
934 3385 998 3454 imp.
1023 3384 1072 3439 Cn.
1097 3385 1192 3457 Pomp.
1212 3385 1258 3450 30;

261 3473 463 3545 p.sest.130;
491 3493 518 3543 p.
537 3473 595 3527 Mil.
614 3474 643 3539 53
672 3472 741 3526 Phil.
765 3474 804 3526 IX
823 3473 852 3537 9;
873 3473 989 3526 adsum.
1008 3473 1022 3526 I
1041 3475 1066 3541 9,
1087 3474 1132 3538 17;
1162 3474 1260 3529 defin.

259 3564 295 3616 IV
315 3565 362 3627 58;
393 3563 472 3616 Tusc.
493 3563 562 3634 disp.
583 3564 628 3628 lv,
652 3564 681 3628 63
713 3564 746 3617 de
770 3571 824 3616 nat.
845 3563 1030 3629 deor.1163;
1055 3563 1120 3629 139;
1149 3564 1183 3617 de
1206 3564 1260 3617 div.

260 3656 273 3706 Ι
293 3653 344 3721 653
371 3653 434 3719 1053
460 3653 527 3707 Cato
547 3671 581 3705 m.
603 3655 648 3720 133
672 3652 720 3714 53;
750 3653 783 3706 de
807 3672 835 3706 re
858 3671 885 3722 p.
909 3651 971 3720 15;
998 3652 1045 3718 563
1070 3653 1165 3723 fragm.
1185 3653 1261 3706 Aret.

259 3760 284 3796 v.
296 3742 507 3814 759(pg.1036)
524 3750 551 3795 et
565 3741 642 3794 multi
658 3742 702 3794 alii
717 3741 817 3796 similes
831 3742 893 3808 loci,
912 3760 980 3812 quos
991 3761 1045 3797 non
1057 3761 1150 3796 omnes
1160 3743 1261 3796 notavi.

281 3872 406 3936 Eadem
431 3871 608 3935 formabis
633 3873 789 3935 occurrit:

283 3979 365 4044 Cato
389 4003 431 4043 m.
450 3979 507 4044 51:
533 3980 644 4041 deiude
664 3980 851 4063 tepefactum
877 3980 933 4057 (sc.
952 3977 1078 4061 semen)
1095 4001 1214 4066 vapore
1237 3994 1265 4043 et

194 4109 371 4173 eoetpeeeeu
402 4111 457 4150 eoo
487 4088 638 4168 diffundit
666 4100 693 4149 et
717 4089 800 4150 elicit
822 4087 1046 4151 herbescentem
1070 4112 1108 4152 ee
1131 4110 1165 4152 eo
1189 4091 1264 4151 ee'et'·
