2866 4762
656 273 848 336 -6..

217 466 323 537 Caput
340 464 392 518 HI:
421 466 463 519 ΒΘ
482 465 548 519 locis
568 465 614 535 qui
633 470 796 518 structuram
814 463 854 516 111
873 463 1017 518 exhibent.
1056 506 1062 517 .
1101 505 1107 518 .
1145 407 1287 519 1004Βὲ2

287 555 441 610 Pronomen
459 554 601 609 relativum
620 553 731 608 effertur
751 572 828 608 casu:

377 644 550 698 Nominativo
563 681 1197 696 ...............
1236 644 1286 698 101

379 733 512 787 Genetivo
524 771 1198 785 ................
1236 732 1288 787 120

377 823 477 876 Dativo
523 859 1198 875 ................
1237 821 1288 874 125

377 911 540 965 Accusativo
564 948 1197 966 ...............
1236 911 1288 964 129

378 999 507 1055 Ablativo
519 1037 1196 1053 ................
1237 999 1289 1051 144

290 1085 457 1177 Conspectus
476 1107 596 1161 omnium
615 1106 860 1161 conformationem
879 1111 1030 1159 structurae
1047 1104 1108 1158 ΠΙ.
1146 1146 1151 1156 .
1192 1145 1198 1157 .
1236 1106 1288 1158 153

289 1232 394 1286 Tabula
432 1272 929 1286 ............
936 1283 938 1288 A
967 1272 973 1284 .
1012 1271 1017 1281 .
1057 1271 1063 1281 .
1102 1271 1108 1282 .
1145 1230 1288 1284 210-211

687 1412 762 1464 Pars
780 1410 820 1465 H.

219 1518 409 1572 Diiudicantur
432 1518 572 1588 opiniones
596 1518 713 1572 virorum
735 1516 878 1571 doctorum
899 1523 927 1570 et
945 1516 1089 1586 exponitur
1109 1521 1201 1569 nostra

291 1607 324 1661 de
343 1607 429 1661 tribus
448 1607 589 1660 structuris
610 1606 700 1677 opinio
744 1644 1108 1660 .........
1147 1603 1289 1659 162-208

220 1697 326 1767 Caput
343 1695 368 1749 I:
397 1696 566 1766 Disceptatio
588 1696 745 1767 opinionum
765 1695 884 1749 virorum
903 1694 1064 1750 doctorum.
1104 1734 1110 1747 .
1148 1693 1290 1747 164-193

291 1787 345 1851 51.
373 1786 415 1839 ΒΘ
434 1786 558 1839 iunctura
577 1785 690 1839 relativa
745 1823 1065 1838 ........
1087 1824 1109 1835 ,.
1149 1825 1154 1836 .
1193 1824 1199 1834 .
1239 1783 1291 1836 164

292 1875 345 1938 92.
374 1875 416 1927 ΒΘ
436 1875 597 1928 attractione
612 1912 1200 1927 ..............
1239 1871 1290 1924 174

291 1964 344 2029 ξ3.
373 1964 416 2017 ΒΘ
435 1964 626 2034 implicatione·
657 2001 1199 2015 .............
1239 1961 1290 2013 177

292 2054 345 2118 ἓ4.
371 2053 413 2106 ΒΘ
431 2053 541 2123 reliquis
561 2053 733 2123 opinionibus
748 2089 1201 2103 ...........
1240 2049 1291 2102 185

221 2178 327 2248 Caput
344 2178 382 2232 11:
412 2177 483 2242 Quid
503 2178 538 2257 de
556 2178 641 2230 tribus
662 2177 802 2230 structuris
823 2193 978 2230 censeamus
1015 2217 1020 2226 .
1060 2215 1066 2227 .
1105 2215 1111 2226 .
1151 2173 1291 2227 193-208

292 2269 345 2332 §L
368 2266 511 2332 Quomodo
543 2274 597 2319 tres
628 2272 777 2319 structurae
800 2265 844 2319 vel
866 2263 1120 2338 comprehensiones
1143 2282 1186 2316 ex·

386 2356 505 2410 stiterint
523 2392 842 2408 ........
844 2382 847 2388 ·
880 2391 1200 2406 ........
1239 2352 1291 2405 193

293 2445 346 2510 ἕ2.
370 2445 445 2510 Quae
463 2445 532 2498 ratio
552 2445 622 2498 inter
641 2462 686 2497 eas
705 2443 856 2497 intercedat
881 2479 1201 2495 ........
1239 2440 1293 2495 204

293 2537 346 2599 ἓ3.
370 2534 445 2600 Quae
464 2535 500 2588 sit
519 2552 608 2588 earum
629 2540 726 2587 natura
746 2571 932 2585 .....
970 2550 976 2561 ·
1016 2571 1201 2584 .....
1239 2529 1292 2583 207
