2866 4762
624 763 734 843 Pars
763 763 794 842 Ῑ.

259 946 299 1011 In
322 948 384 1012 hac
408 957 501 1032 parte
525 946 680 1032 exempla
707 946 840 1010 afferam
869 956 901 1010 et
937 946 1107 1031 disponam
1143 956 1242 1032 atque

169 1056 204 1118 in
228 1075 424 1139 unoquoque
449 1075 560 1118 eornm
584 1075 713 1138 genere.
736 1052 928 1118 illustrando
965 1054 1064 1118 etiam
1093 1054 1172 1139 quid
1202 1055 1243 1119 sit

169 1165 240 1228 eius
274 1164 441 1249 proprium
476 1185 641 1249 exponere
676 1162 829 1227 conabor.
883 1161 950 1227 Sed
977 1163 1167 1248 priusquam
1199 1148 1258 1229 ad*

169 1271 232 1336 hoc
256 1271 438 1355 aggrediar,
463 1292 570 1356 pauca
593 1271 711 1353 dicam,
736 1292 820 1356 quae
837 1270 980 1334 adhunc
997 1279 1097 1334 totam
1114 1280 1242 1357 partem

169 1379 345 1464 pertinent.

260 1485 310 1549 Ne
345 1493 492 1549 contorte
524 1486 557 1549 in
593 1485 774 1549 enarrando
805 1484 979 1570 disputem,
1015 1485 1083 1549 fere
1113 1507 1242 1571 semper

169 1615 243 1657 eam
267 1601 393 1657 tantum
417 1593 572 1656 orationis
595 1601 723 1678 partem
747 1591 971 1675 considerabo
1007 1615 1092 1678 quae
1120 1616 1140 1657 e
1167 1615 1242 1680 pro·

168 1701 300 1764 nomine
324 1700 463 1764 relativo
487 1700 617 1785 incipit3
643 1701 753 1785 itaque
777 1700 811 1763 in
835 1699 994 1785 exemplis
1019 1700 1111 1766 velut
1134 1701 1199 1765 his:

262 1807 302 1871 de
318 1829 354 1871 re
370 1807 434 1892 p.I
455 1807 491 1871 ’ῖς
519 1808 550 1870 Ie
574 1810 657 1870 enim
663 1808 807 1891 fueram,
825 1810 879 1871 cai
894 1830 963 1871 cum
980 1808 1109 1872 liceret.
1128 1856 1134 1871 .
1154 1858 1161 1872 .
1178 1830 1242 1872 aori

170 1915 380 1979 dubitaverim
397 1923 431 1979 et
446 1936 477 2000 q.
495 1936 536 1995 s.3
554 1914 621 1978 vel:
639 1913 682 1978 ad
698 1915 774 1978 fam.
788 1913 837 1978 VI
854 1915 885 1997 6,
899 1913 934 1979 5:
959 1914 1045 1979 Nolo
1062 1918 1145 1979 eaim
1160 1916 1243 1979 bano

169 2024 210 2086 de
231 2045 280 2086 me
303 2024 420 2108 optime
442 2025 588 2086 meritam
609 2024 788 2086 eeietimare
805 2044 840 2085 ea
857 2044 904 2085 me
920 2025 1057 2086 suasisse
1073 2023 1241 2109 Pompule,

169 2129 286 2215 quibas
313 2130 367 2193 ille
394 2132 425 2193 ai
444 2132 616 2214 paruisset,
641 2141 719 2193 esset
746 2129 797 2193 bic
821 2130 948 2213 quidem
971 2130 1078 2194 clarus
1104 2178 1163 2194 ...
1188 2132 1244 2194 eed

168 2249 275 2302 tantae
299 2259 373 2322 opes
507 2260 573 2300 aaa
594 2237 736 2313 baberet,·
759 2235 828 2301 vel:
853 2235 896 2300 ad
919 2237 994 2300 fam.
1018 2236 1103 2301 XVI
1129 2238 1180 2321 15,
1208 2240 1241 2303 l:

168 2345 362 2409 Incredibili
382 2368 452 2409 sam
475 2345 688 2408 sollicitudine
711 2346 749 2409 de
773 2358 828 2409 tua
851 2345 1046 2421 valetudiae3
1070 2368 1134 2430 qua
1151 2349 1181 2409 ei
1194 2368 1242 2409 me

168 2452 330 2532 liberaris,
354 2474 411 2537 epe
434 2464 463 2516 te
486 2454 574 2516 omni
595 2474 675 2515 cara
698 2452 838 2516 liberabo
845 2477 855 2528 ‚·

167 2561 269 2625 liceat
303 2560 350 2624 ita
376 2559 545 2645 disputare
576 2581 616 2624 ac
640 2560 667 2624 si
690 2560 846 2624 orationis
869 2559 1017 2624 membre
1040 2581 1124 2645 quae
1149 2570 1239 2624 sunt:

168 2669 224 2731 cai
239 2690 310 2730 cum
325 2668 430 2731 liceret
444 2702 489 2709 -
503 2690 568 2730 aon
584 2666 804 2747 dubitaverim,
828 2667 942 2752 quibas
961 2668 1016 2731 ille
1035 2669 1066 2731 si
1081 2670 1243 2751 paruisset

170 2810 213 2818 —
238 2774 375 2856 baberet,
399 2796 465 2859 qua
487 2777 518 2837 ei
538 2796 586 2837 me
610 2774 757 2838 liberaris
787 2809 827 2817 —
857 2774 997 2838 liberabo
1021 2775 1153 2839 omnino
1176 2796 1257 2852 non,

166 2881 365 2968 pendereut3
413 2904 478 2968 qno
519 2903 687 2964 concesso,
739 2882 785 2945 ita
824 2880 865 2944 de
915 2881 1021 2946 tribus
1068 2882 1242 2947 structuris

167 2989 289 3071 dicam,
313 3011 353 3053 ec
375 2990 404 3053 si
427 2989 733 3076 comprehensiones
760 3000 879 3071 essent,
914 3010 999 3074 quae
1034 3011 1077 3052 ex
1112 2988 1241 3054 duobus

168 3097 348 3162 enuntiatis
381 3098 565 3161 necessario
600 3107 766 3161 constant:
801 3096 955 3182 primario
991 3106 1024 3160 et
1047 3096 1241 3161 secundario

166 3203 225 3268 vel
259 3203 394 3289 epodosi
432 3214 466 3268 et
505 3204 637 3290 protasi.
692 3203 878 3289 Disputabo
912 3204 1013 3289 igitur
1053 3204 1094 3268 de
1135 3204 1241 3269 tribus

167 3312 343 3376 stmcturis
364 3311 419 3375 rel
447 3311 793 3396 comprehensionibus
821 3311 979 3395 relativis,
1016 3333 1100 3397 {puae
1128 3334 1241 3376 neces·

167 3421 256 3484 sario
278 3441 321 3483 ex
343 3418 473 3483 duobus
496 3420 674 3484 enuntiatis
697 3429 858 3503 constant,
883 3442 1020 3505 quorum
1042 3419 1180 3484 alterum
1196 3420 1240 3484 ab

167 3527 274 3592 altero
296 3526 432 3612 pendet:

206 3633 234 3697 I.
271 3631 356 3697 Cum
382 3634 587 3698 enuntiatum
615 3634 790 3699 relativum
818 3646 868 3699 est
891 3637 1096 3700 enuntiatum
1120 3637 1240 3721 prima·

274 3741 359 3805 rium
393 3752 426 3806 et
460 3742 550 3806 notio
577 3741 706 3806 relativi
736 3743 932 3808 subauditur
966 3744 1018 3807 vel
1044 3744 1241 3829 exprimitur

275 3850 309 3912 in
332 3848 542 3913 secundario:

329 3956 372 4021 de
387 3957 473 4021 dom.
493 3958 571 4021 139:
588 3961 655 4043 qai,
673 3982 870 4023 curteum..
886 4011 893 4023 ,
906 3962 1106 4045 impedirent,
1128 3964 1241 4023 restitit

330 4075 363 4129 et
378 4087 409 4150 q.
427 4088 453 4129 s,
