2866 4762
600 304 836 368 -188—

268 485 439 550 Structura
454 483 507 547 III
524 492 594 547 orta
611 492 659 547 est
676 504 694 546 e
710 481 945 546 consuetudine
958 481 1116 544 sermonis
1128 480 1251 544 Latini:

393 593 421 655 1.
447 591 494 655 Ut
528 591 732 654 enuntiatum
764 587 993 652 secundarium
1027 610 1125 671 saepe
1162 596 1250 651 ante-

445 706 585 781 ponatur
608 697 775 781 primario,

393 807 423 868 2.
449 805 495 869 Ut
512 814 587 869 ante
605 803 799 888 particulam
812 801 1064 884 subiunctivam,
1081 811 1138 866 aut
1154 803 1250 866 inter·

445 914 640 997 rogativam,
665 921 721 976 aut
737 910 921 993 relativum,
945 910 1030 974 unde
1047 911 1250 974 enuntiatum

445 1021 589 1105 incipere
606 1019 699 1102 solet,
712 1017 909 1083 vocabulum
925 1017 1088 1103 quoddam
1099 1017 1251 1082 collocari

446 1128 561 1211 possit:

267 1234 329 1297 His
353 1234 480 1298 duabus
504 1233 752 1299 condicionibus
774 1241 880 1318 potest
902 1231 1060 1317 explicari
1090 1241 1251 1295 structura

179 1342 241 1425 III,
267 1350 318 1405 ut:

267 1471 377 1534 quam
393 1449 424 1512 si
441 1448 742 1532 explicavisset,
764 1470 838 1510 non
854 1456 1003 1510 tantum
1019 1445 1248 1519 haesitaret,

177 1579 260 1642 quae
291 1578 476 1620 communes
507 1565 581 1620 sunt
610 1564 790 1619 structurae
819 1554 872 1618 ΙΠ
901 1576 974 1619 cum
1009 1563 1173 1619 structura
1200 1554 1248 1635 II;

176 1664 234 1729 sed
264 1673 427 1728 structura
450 1664 484 1726 Π
513 1664 670 1728 adstricta
700 1671 749 1727 est
777 1662 875 1726 etiam
904 1663 1021 1726 tertiae
1048 1663 1248 1736 condicioni:

177 1774 196 1836 i.
216 1795 242 1836 e.
272 1781 308 1836 ut
331 1773 424 1836 notio
452 1772 654 1856 pronominis
677 1771 806 1834 relativi
841 1772 874 1834 in
912 1780 1047 1856 utroque
1083 1770 1249 1834 enuntiato

177 1890 335 1944 occurrat.
384 1880 457 1959 Qua
481 1879 521 1943 de
546 1901 645 1943 causa
668 1888 774 1963 potest
796 1889 886 1943 recte
910 1902 929 1942 a
952 1887 1116 1942 structura
1132 1878 1186 1942 ΙΙΙ
1209 1878 1248 1942 ad

176 1988 210 2050 Π
235 1989 366 2053 transiri
379 1986 437 2050 sed
461 1988 667 2069 contrarium,
694 1995 729 2049 ut
745 1985 933 2068 Madvigius
949 1986 1038 2069 fecit,
1062 2008 1127 2049 non
1151 1995 1247 2050 recte.

266 2157 360 2221 Unus
376 2157 614 2220 Franciscus
632 2157 898 2220 Devantierus
911 2155 975 2240 (op.
993 2155 1063 2239 all.;
1078 2157 1119 2220 cf.
1134 2157 1248 2241 praef.)

177 2265 483 2329 commentationem
512 2265 657 2347 scripsit,
692 2286 775 2348 quae
810 2272 878 2327 tota
907 2263 949 2327 ad
978 2273 1043 2327 tres
1072 2274 1249 2328 structuras

177 2373 331 2455 pertinet3
369 2381 539 2456 postquam
570 2371 737 2457 complura
765 2371 807 2435 ad
840 2394 930 2434 usum
962 2369 1144 2456 scholarum
1175 2382 1249 2457 apta

177 2480 322 2562 exponit,
348 2477 484 2541 muitum
500 2478 628 2562 proficit
644 2480 679 2542 in
695 2500 773 2542 vero
797 2477 1026 2562 investigando
1051 2500 1125 2542 oum
1149 2480 1248 2543 anim·

112 2590 115 2599 ’
177 2586 320 2650 advertit
355 2586 559 2649 enuntiatum
590 2586 820 2650 secundarium
849 2595 1030 2650 structurae
1059 2586 1094 2649 Π
1130 2595 1163 2650 et
1198 2586 1250 2650 ΙΠ

176 2694 227 2758 bis
258 2694 415 2776 pendere:
455 2693 587 2777 ,Beide,
624 2692 746 2758 sowohl
777 2693 835 2757 das
861 2693 896 2756 in
928 2693 986 2757 der
1014 2703 1123 2757 ersten
1148 2693 1248 2758 Stelle

179 2801 356 2886 ,stehende
403 2801 699 2865 satzverhindende
749 2799 936 2864 Relativum
961 2799 1027 2864 als
1070 2800 1154 2864 auch
1197 2801 1248 2865 die

179 2910 429 2994 ,Konjunktion
458 2909 537 2972 oder
567 2909 625 2972 das
649 2909 926 2993 Interrogativnm
951 2908 1029 2972 oder
1053 2908 1111 2972 das
1135 2909 1248 2973 zweite

179 3016 425 3102 ,ikorrelativm
437 3016 624 3080 Relativum
637 3016 745 3080 haben
758 3016 812 3080 die
825 3016 925 3079 Kraft
936 3038 977 3079 zu
991 3015 1247 3099 subordinieren,

178 3125 265 3210 „und
294 3148 380 3188 zwar
408 3124 653 3188 subordinieren
682 3125 728 3187 sie
757 3125 791 3187 in
818 3123 905 3187 ihrer
928 3123 1149 3195 Konkurrenz
1172 3109 1249 3187 den·

179 3233 313 3317 ,selben
338 3232 413 3295 Satn
437 3233 471 3295 in
495 3230 747 3295 verschiedener
770 3229 883 3295 Weise
913 3239 1007 3294 unter
1035 3231 1116 3294 zwei
1142 3230 1247 3296 Satze.

178 3342 277 3424 „Man
301 3340 391 3404 kann
416 3357 530 3423 sagen:
559 3339 598 3401 In
622 3338 738 3403 Fallen
763 3339 825 3402 wie
849 3338 971 3401 homini
995 3338 1248 3423 pretiosissimae

60 3521 64 3527 ,
179 3460 273 3533 ,sunt
297 3447 355 3512 eae
379 3470 442 3526 reS,
468 3439 633 3532 quasnisi
659 3446 726 3531 (qui
751 3445 829 3524 non)
854 3445 1007 3529 possidet,
1037 3444 1154 3528 beatus
1179 3468 1248 3511 esse

179 3579 263 3640 ,non
276 3564 382 3640 potest
398 3556 440 3618 ist
456 3555 508 3617 ein
526 3554 612 3636 Satn,
631 3554 692 3631 der,
705 3554 808 3617 durch
825 3554 897 3617 eine
910 3547 1142 3637 Konjunktion
1159 3550 1248 3632 (nisi)

179 3663 277 3745 ,oder
305 3664 357 3725 ein
385 3659 628 3738 (korrelatives)
658 3661 844 3751 Relativum
876 3661 958 3746 (qui)
997 3662 1103 3725 einem
1131 3661 1247 3726 nach·

179 3768 414 3854 ,folgenden
438 3769 534 3834 Satze
559 3769 687 3847 (heatus
710 3792 780 3833 esse
802 3755 867 3834 n'on
884 3766 1004 3854 potest)
1028 3770 1247 3834 subordiniert

179 3879 250 3960 ,ist,
276 3876 380 3941 durch
404 3878 455 3940 ein
472 3900 532 3940 vor
548 3877 601 3941 die
618 3877 847 3961 Konjunktion
862 3886 1056 3966 getretenes,
1082 3877 1141 3941 auf
1153 3879 1247 3941 einen

179 3984 485 4068 ,voraufgehenden
496 3985 624 4068 Begriff
633 3985 702 4049 sich
719 3984 937 4049 beziehendes
948 3979 1247 4071 Relativum(quas)

179 4091 283 4174 ⁷,auch
306 4114 369 4154 von
400 4091 475 4155 dem
503 4084 850 4176 voraufgehenden
876 4091 972 4156 Satze
1003 4091 1170 4177 abhangig
1192 4115 1246 4176 ge·
