2894 4756
699 277 908 340 „30-

269 469 300 520 et
324 456 490 520 ablativus
515 477 553 518 eo
577 455 725 539 fungitur
745 476 889 535 munere,
914 453 1002 539 quod
1026 453 1059 516 in
1082 453 1251 516 enuntiato
1274 474 1339 515 non

268 574 334 628 tam
359 563 469 647 magni
494 571 543 626 est
566 562 732 625 momenti.

359 827 387 868 a.
420 804 681 867 Enuntiatum
705 802 978 866 secundarium
1003 801 1284 886 interponitur:

361 929 545 994 Genetivus
568 929 768 1013 pronominis
783 929 923 1011 relativi,
949 936 985 991 ut
1000 950 1060 1013 par
1076 937 1134 1010 ost,
1160 950 1234 991 oum
1251 938 1340 991 arete

274 1059 348 1100 oum
372 1059 430 1100 suo
455 1037 587 1100 nomine
603 1036 828 1119 coniungatur,
854 1035 946 1099 brevi
966 1037 1134 1099 enuntiato
1152 1035 1341 1119 interposito

271 1144 314 1208 ab
339 1166 377 1208 eo
402 1144 555 1208 secedere
580 1143 677 1207 solet:
706 1186 709 1190 -

363 1251 403 1315 de
427 1273 520 1336 prov.
545 1272 632 1314 cons.
659 1250 694 1314 8:
731 1254 831 1330 caiae,
866 1263 902 1315 nt
925 1253 1128 1336 provinciana
1158 1252 1267 1333 tetipit,
1299 1253 1345 1313 aie

269 1359 402 1433 fortuna
419 1382 489 1421 enni
500 1357 702 1444 improbitate
719 1360 858 1437 certarit,
876 1370 1011 1421 etnemo
1023 1371 1139 1443 poseat,
1153 1370 1258 1421 atram
1268 1380 1345 1442 pro-

272 1470 389 1529 tervior
405 1490 448 1529 an
462 1465 625 1548 infelicior
641 1478 726 1547 earet,
743 1467 903 1541 indicare:
927 1465 967 1529 de
984 1467 1061 1550 imp.
1080 1465 1139 1529 Cn.
1153 1465 1267 1549 Pomp.
1287 1464 1343 1528 13:

273 1576 362 1636 enias
379 1575 515 1636 adventa
531 1575 603 1658 ipso
619 1585 714 1656 atque
729 1574 865 1650 nomine,
891 1575 1014 1636 tametsi
1028 1573 1082 1636 ille
1097 1574 1141 1635 ad
1152 1575 1347 1636 maritimam

274 1680 388 1743 bellam
403 1682 533 1760 venerit,
551 1695 654 1743 tantan
669 1683 803 1766 impetat
820 1681 954 1743 iaetiani
974 1702 1133 1765 repraeter
1149 1702 1212 1743 ease
1227 1679 1346 1742 intelle·
1425 1709 1428 1716 ·

272 1800 353 1872 pant
376 1811 413 1850 aa
436 1789 622 1851 retardatae.

417 1889 498 1944 Item:
529 1889 562 1944 de
586 1890 631 1943 fin.
651 1890 688 1943 IV
712 1890 747 1944 23
771 1891 853 1958 (ruina
875 1890 983 1960 peridem,
1008 1891 1149 1960 peroniara);
1179 1889 1258 1943 Tusa.
1278 1888 1348 1960 disp·

346 1979 383 2031 IV
402 1980 437 2033 49
456 1981 547 2048 (enias.
571 1981 616 2048 nt).

365 2127 429 2190 Pro
459 2128 627 2191 enuntiato
651 2126 844 2190 secundario
875 2136 983 2211 potest
1006 2126 1110 2190 forma
1133 2124 1348 2211 participialia

277 2235 439 2318 usurpari,
453 2256 537 2319 quae
549 2234 731 2297 necessario
742 2255 815 2297 oum
829 2235 1017 2318 pronomine
1030 2233 1168 2297 relativo
1181 2233 1347 2316 oongruit:

366 2364 398 2426 p.
424 2341 507 2403 Mur.
534 2341 591 2404 34:
626 2343 715 2403 enine
740 2342 866 2425 eapalai
888 2353 916 2403 et
939 2344 1028 2404 eiecti
1048 2343 1115 2404 vita
1138 2343 1220 2403 tanti
1242 2342 1349 2402 eristi-

276 2461 362 2511 niata
379 2461 434 2527 eat,
459 2460 494 2510 nt
510 2458 542 2511 et
558 2470 589 2533 q.
608 2470 631 2511 s
652 2447 771 2532 (potuit
787 2448 867 2511 diei:
893 2449 995 2530 euim,
1018 2471 1092 2512 oum
1113 2448 1294 2533 expulsus.
1314 2497 1320 2509 .
1341 2497 1347 2509 .

280 2564 375 2638 esset,
401 2556 519 2618 vita..
541 2551 572 2635 ..)

420 2657 500 2711 item:
521 2657 597 2710 acad.
617 2675 656 2726 pr.
676 2656 693 2709 l.
713 2655 740 2708 ll
760 2656 855 2727 fragm.
875 2656 892 2710 6
911 2658 992 2725 (enias
1010 2665 1034 2709 et
1052 2657 1197 2723 irascentis).

367 2790 462 2854 Prior
490 2812 565 2874 pars
594 2789 754 2852 enuntiati
783 2787 913 2851 relativi
942 2795 1068 2851 oonstat
1108 2794 1237 2871 praeter
1275 2807 1350 2870 pro-

280 2920 397 2962 nomen
421 2898 596 2961 relativum
621 2897 719 2960 etiam
744 2918 785 2959 ex
811 2895 876 2959 alia
898 2906 991 2979 parte
1015 2895 1175 2958 enuntiati
1202 2894 1348 2956 relativi:

279 3005 321 3069 of.
360 3006 512 3091 exempla
547 3026 646 3089 supra
669 3003 784 3067 allata:
823 3002 864 3066 de
887 3004 963 3086 imp.
990 3001 1049 3066 Cn.
1075 3002 1188 3086 Pomp.
1216 3002 1272 3081 133
1309 3000 1350 3064 de

280 3114 335 3176 fin.
362 3113 411 3176 IV
435 3113 488 3176 23.

370 3333 401 3396 b.
427 3334 686 3397 Enuntiatum
710 3333 987 3396 seeundarium
1012 3333 1275 3417 postponitur:

372 3458 454 3523 Cum
471 3481 648 3544 pronomen
665 3459 840 3523 relativum
857 3460 1038 3523 arctissime
1056 3481 1129 3522 oum
1146 3481 1204 3523 suo
1221 3460 1352 3523 nomine

282 3568 492 3650 coniungitur
514 3576 546 3631 et
565 3590 638 3631 oum
662 3569 867 3631 enuntiatum
889 3568 1117 3631 secundarium
1140 3568 1267 3650 longius
1293 3577 1351 3651 est,

281 3684 419 3759 usurpat
440 3674 553 3739 Cicero
577 3676 723 3759 formam,
749 3677 781 3739 in
806 3698 871 3760 qua
895 3677 1098 3739 enuntiatum
1122 3675 1352 3739 secundarium

282 3784 442 3867 sequitur:

372 3912 403 3974 p.
426 3890 537 3955 Rabir.
556 3889 591 3954 P.
617 3891 652 3955 3:
693 3894 782 3954 caina
815 3893 851 3954 in
883 3893 1016 3976 nepotiir
1050 3892 1195 3975 perendie
1230 3893 1354 3975 rnapni-

283 3998 423 4060 tadinena
446 4001 548 4061 animi
570 4021 633 4061 non
657 4011 721 4062 tarn
744 3999 883 4062 homines
898 3998 1093 4082 probassent,
1118 4001 1184 4062 nisi
1198 4002 1233 4062 in
1249 4000 1355 4063 eadent

284 4103 461 4188 benipnitaa
484 4107 680 4170 incredibilis
700 4107 831 4184 fnisset:
