2866 4762
613 276 844 339 -114-

190 472 369 533 possumus.
400 486 445 494 —-
475 450 541 516 Sed
569 461 680 516 tamen
705 463 754 516 est
781 454 815 516 in
840 475 879 516 ea
902 453 1027 539 aliquid
1057 456 1139 536 veri,
1176 455 1263 541 quod

189 558 277 622 viros
301 558 414 623 doctos
439 559 472 622 in
497 581 640 624 errorem
664 559 810 641 induxit3
846 561 880 625 id
905 570 963 643 est,
995 562 1082 647 quod
1108 585 1148 626 ea
1171 565 1260 628 iunc-

189 673 281 728 turae
293 664 451 730 relativae
465 667 665 731 consuetudo
678 667 712 730 in
726 666 901 751 permultas
914 669 1011 732 trium
1024 677 1261 735 structurarum

189 773 460 838 conformationes
485 775 634 859 quadrat.

278 880 328 944 De
365 880 509 966 reliquie,
546 904 630 967 quae
661 904 719 947 nos
748 885 782 946 in
815 883 876 946 hac
907 884 1013 968 prima
1041 885 1260 970 explicatione

188 987 403 1070 offenderunt,
429 990 494 1052 iam
518 989 672 1053 diximus.

552 1289 569 1357 ἕ
589 1289 617 1342 2.
648 1290 690 1342 Dc
708 1288 900 1343 attractione.

275 1417 387 1481 Pauca
412 1417 518 1481 dicam
543 1419 639 1482 etiam
666 1418 706 1482 de
731 1441 841 1482 eorum
866 1419 1027 1503 opinione,
1060 1421 1117 1505 qui
1142 1434 1257 1505 putant

185 1525 218 1588 in
244 1532 408 1588 structura
423 1525 457 1588 ΙΙ
481 1527 707 1590 attractionem
732 1548 817 1607 esse3
853 1526 915 1590 hoc
942 1527 1145 1593 arbitrantur
1173 1530 1256 1592 inter

185 1631 279 1696 alios:
313 1632 367 1695 Fr.
394 1633 578 1696 Kritzius
603 1630 843 1715 (1118111011.
863 1656 932 1718 cap.
953 1636 991 1698 11
1009 1657 1031 1720 p
1048 1635 1083 1715 23
1127 1635 1257 1720 Lipsiae

187 1739 302 1823 1825);
326 1742 386 1805 Fr.
405 1740 508 1806 Guil.
527 1741 619 1807 Otto
637 1742 693 1820 (ad
710 1741 777 1806 Cic.
794 1743 836 1806 de
852 1742 907 1806 fin.
925 1741 1011 1824 1163
1028 1742 1120 1828 Lips.
1141 1740 1256 1824 1831);

184 1848 303 1932 Raph.
328 1849 560 1913 Kuehnerus
596 1845 651 1932 (ad
680 1848 748 1914 Cic.
774 1849 871 1913 Tusc.
903 1849 943 1913 de
967 1849 984 1913 I
1006 1849 1066 1930 843
1103 1850 1255 1914 Hannov.

186 1955 302 2036 1874),
333 1957 374 2020 N.
399 1956 626 2040 Madvigius
651 1956 770 2042 (Epist.
796 1957 867 2020 crit.
892 1956 944 2021 ad.
970 1955 1072 2022 Orell.
1097 1980 1152 2044 pg.
1177 1958 1255 2039 1063

182 2063 334 2127 Hauniae
360 2063 473 2138 1828).
498 2099 542 2105 -

272 2170 327 2234 Ex
351 2170 471 2256 quibus
487 2193 571 2235 unus
587 2171 777 2254 Madvigius
793 2170 920 2254 plenius
937 2170 1082 2252 disserit3
1108 2173 1166 2258 qui
1182 2194 1255 2236 cum

183 2277 223 2341 de
247 2287 411 2342 structura
436 2278 471 2340 Π
495 2278 648 2360 disputat,
673 2299 758 2363 quae
782 2278 924 2341 occurrit
947 2277 981 2340 in

271 2394 350 2448 orat.
368 2386 403 2447 in
417 2384 510 2448 Verr.
528 2383 548 2446 l.
562 2384 593 2447 V
605 2384 663 2448 45:
696 2387 753 2468 qui
768 2387 797 2446 ri
813 2407 874 2469 quo
889 2386 1015 2468 publice
1024 2388 1253 2472 proficisceris,

178 2493 340 2575 praesidii
363 2504 390 2555 et
412 2504 555 2554 vecturae
584 2515 681 2554 causa
705 2504 832 2576 sumptu
852 2491 981 2577 publico
1008 2495 1141 2577 accipio
1163 2515 1255 2578 prae·

182 2598 307 2671 beatum
331 2595 474 2682 (poterat
498 2598 577 2662 dici:
602 2600 665 2682 cui,
691 2599 717 2662 si
741 2621 830 2684 quc.
850 2647 857 2662 .
876 2596 907 2680 .),

271 2705 352 2768 haec
375 2703 495 2788 (1111.)
521 2705 648 2770 scribit:
684 2706 756 2788 „Tu
780 2705 949 2790 vulgatam
972 2704 1149 2770 lectionem
1173 2704 1208 2787 (i.
1227 2730 1253 2771 e.

184 2816 261 2897 „qai
272 2816 301 2875 si
317 2863 323 2876 .
343 2865 349 2877 .
370 2812 390 2890 .)
408 2813 570 2877 soloecam
582 2813 723 2894 iudicas3
741 2813 894 2898 equidem
906 2835 1012 2899 neque
1026 2812 1254 2878 soloecismum

182 2943 308 3006 „neque
333 2920 550 2985 anacoluthon
575 2921 629 2984 hic
654 2943 724 2984 esse
747 2929 826 3004 puto
850 2921 907 2985 sed
929 2922 1135 2985 attractionis
1152 2922 1253 3007 quod·

183 3027 277 3109 „dam
294 3050 397 3113 genus
413 3051 478 3091 non
494 3028 693 3112 infrequens,
719 3050 761 3091 ex
777 3050 852 3113 quo,
878 3049 952 3091 cum
968 3030 1152 3112 pronomini
1172 3029 1253 3093 rela-

182 3137 270 3212 „tivo
287 3135 372 3199 duae
388 3135 616 3217 subiiciuntur,
634 3135 667 3198 id
684 3135 848 3199 interdum
864 3135 907 3199 ad
923 3136 1151 3200 secundariam
1163 3138 1253 3220 prius

182 3245 340 3328 „positam
375 3243 650 3326 accommodatur,
688 3265 762 3307 cum
795 3245 952 3327 proprie
986 3244 1028 3308 ad
1064 3245 1253 3328 primariam

181 3352 406 3431 „remotiorem
424 3351 663 3415 accommodari
680 3351 824 3435 deberet,
847 3361 880 3416 et
896 3374 939 3416 ex
955 3374 993 3416 e0
1009 3353 1044 3415 in
1057 3353 1253 3417 secundaria

182 3459 493 3534 „demonstrativum
527 3456 598 3540 (aut
626 3460 713 3545 quod
741 3459 829 3523 idem
852 3460 951 3544 valet,
987 3456 1172 3544 personale)
1203 3462 1251 3525 in-

178 3561 321 3649 tellegi.“

267 3672 400 3738 Scilicet
424 3674 458 3737 in
482 3673 772 3759 comprehensione
796 3673 938 3759 quadam
961 3683 1012 3738 ut:

177 3782 256 3866 qui,
271 3803 353 3845 eum
367 3803 449 3844 eum
462 3780 574 3844 multi
586 3780 837 3865 impedirent,
850 3783 1002 3845 restitit
1019 3781 1198 3861 (structura
1209 3782 1249 3865 Ι),

176 3889 209 3951 in
233 3911 298 3974 qua
320 3888 496 3952 relativum
526 3887 568 3951 ad
592 3887 731 3952 verbum
758 3889 949 3973 primarium
973 3890 1250 3974 accommodatur,

177 3983 316 4080 quocum
340 4018 456 4060 severa
484 3996 609 4080 logicae
626 3997 751 4060 ratione
780 3997 998 4082 coniungitur,
1035 4007 1145 4082 potest
1167 3999 1250 4082 fieri,

176 4117 213 4167 ut
246 4103 419 4167 relativum
457 4127 475 4165 a
509 4103 610 4166 verbo
646 4105 801 4187 primario
826 4100 1012 4187 (restitit)
1048 4105 1251 4170 disiunctum
