2866 4762
601 296 832 359 -172-

177 470 338 554 opinionis
363 485 421 557 est,
446 484 626 539 structuras
642 475 668 557 I,
685 474 721 562 Π
738 484 771 538 et
786 473 838 537 ΙΙΙ
862 484 949 538 ortas
971 495 1041 537 esse
1058 495 1101 537 ex
1118 494 1250 537 eonsue-

177 577 291 642 tudine
308 603 373 665 qua
389 604 567 667 pronomen
582 581 756 645 relativum
778 603 837 666 pro
854 580 1112 645 demonstrativo
1129 589 1162 643 et
1177 601 1251 664 par-

177 684 278 749 ticula
301 688 525 752 coordinativa
548 698 737 774 usurpatur:
774 689 910 752 formam
940 709 1051 773 quem
1083 707 1166 751 cum
1194 709 1250 750 ro-

177 802 300 876 garet,
332 796 536 881 respondit
563 831 600 840 -
627 796 807 881 profectam
824 818 894 860 esse
916 818 973 859 ex:
999 804 1036 859 et
1059 816 1143 859 eum
1168 816 1251 858 cum

177 910 316 985 rogaret,
341 903 520 987 respondit.
546 903 764 966 -Profecto
789 902 854 966 dici
871 902 989 966 Latine
1013 910 1121 986 potest
1138 902 1249 965 etiam:

177 1018 215 1071 et
239 1030 325 1073 cum
350 1032 433 1075 enm
456 1020 586 1094 rogaret
609 1020 670 1074 cet.
689 1011 723 1086 (i.
742 1031 769 1073 e.
786 1010 900 1090 forma,
926 1030 1000 1072 cum
1024 1009 1251 1073 demonstrati·

178 1138 256 1179 vum
287 1126 359 1201 post
387 1118 582 1203 particulam
614 1117 858 1182 subiunctivam
893 1117 1053 1202 ponitur);
1084 1117 1142 1181 sed
1178 1139 1251 1180 cum

176 1223 280 1287 forma
318 1246 448 1310 quoque
480 1247 563 1310 quae
593 1234 642 1288 est
670 1234 707 1288 et
736 1247 818 1288 eum
848 1246 930 1287 cnm
955 1236 988 1289 et
1009 1246 1040 1309 q.
1063 1247 1088 1288 s.
1115 1225 1252 1288 exsistat

179 1339 306 1393 etcum
328 1332 426 1394 etiam
452 1354 493 1394 ex
522 1342 614 1416 parte
643 1333 676 1414 ii,
709 1353 790 1417 qnos
821 1331 1042 1395 Deventierus
1074 1339 1250 1416 oppugnat,

178 1437 238 1500 hoc
267 1447 378 1520 aperte
407 1438 528 1522 dicant,
562 1448 630 1502 tota
660 1437 749 1502 illius
778 1437 1027 1523 argumentatio,
1051 1459 1250 1522 quamquam

179 1544 351 1609 verissima
374 1567 492 1628 perse,
517 1545 599 1608 nihil
617 1546 763 1629 profecit.
780 1545 957 1630 —Itaque
974 1553 1103 1628 poterat
1120 1543 1250 1607 Devan·

179 1653 280 1715 tierus
308 1652 392 1715 hanc
420 1646 488 1716 rein
513 1652 610 1738 plane
639 1675 826 1736 expressam
856 1652 944 1737 apud
968 1651 1014 1715 M.
1040 1651 1250 1737 Meiringium

62 1798 68 1810 ι
177 1755 264 1840 (Lat.
290 1758 435 1822 Gramm.
461 1781 491 1843 p.
509 1759 599 1842 417),
636 1782 733 1845 quem
762 1761 869 1844 ipsum
899 1758 955 1822 ille
983 1759 1077 1823 affert
1107 1759 1172 1845 (op.
1197 1758 1250 1823 all.

179 1887 209 1949 p.
231 1862 286 1946 11)
310 1875 342 1928 ct
366 1876 543 1950 oppugnat,
568 1867 731 1947 invenire:
761 1865 864 1948 „Sehr
880 1865 1114 1950 gebrauchlich
1131 1867 1174 1930 ist
1197 1866 1250 1930 die

180 1971 432 2057 „Anknfipfung
454 1973 557 2037 durch
582 1975 651 2058 qni
675 1982 753 2038 statt
777 1984 814 2038 et
838 1975 883 2056 ie,
908 1975 940 2038 is
965 1983 1091 2037 autem
1109 1974 1192 2037 etc.“
1219 1982 1251 2037 et

177 2089 348 2164 postquam
373 2079 413 2150 de
444 2081 595 2144 iunctura
624 2080 773 2163 relativa,
810 2103 875 2166 qua
906 2102 1007 2144 unum
1040 2081 1249 2164 coniungitur

180 2188 395 2270 enuntiatum,
420 2187 509 2270 dicit,
536 2188 578 2251 ad
594 2187 914 2272 comprehensionem
935 2185 1108 2251 relativam
1125 2188 1251 2270 transit,

180 2296 214 2358 in
238 2316 303 2379 qua
326 2294 414 2358 idem
438 2294 509 2358 fieri
539 2316 632 2378 posse
660 2294 874 2359 demonstrat:
914 2295 987 2371 „bei
1010 2294 1251 2377 Nebensatzen,

183 2400 326 2482 „welche
346 2401 406 2464 mit
423 2403 512 2464 einer
529 2401 758 2485 Konjunktion
774 2401 853 2466 oder
869 2401 1174 2466 horrelativischem
1191 2402 1251 2465 Re·

181 2506 282 2584 „lativ
309 2507 483 2592 anfangen,
523 2531 550 2571 z.
574 2508 612 2572 B.
641 2510 675 2572 in
708 2508 813 2592 bezug
846 2508 907 2572 auf
931 2509 1025 2572 einen
1063 2508 1253 2573 erwahnten

181 2614 343 2698 „Gegnen
367 2615 444 2699 stige
460 2615 513 2678 ich
530 2614 642 2680 hinnu:
669 2637 766 2701 quem
783 2636 857 2679 eum
873 2615 1027 2678 vicissem
1043 2615 1085 2678 ab
1102 2615 1254 2680 omnibus

182 2721 354 2804 „laudatus
371 2744 452 2805 sum,
470 2731 562 2786 statt:
589 2732 725 2787 etcum
743 2744 827 2786 cum
844 2722 1006 2804 vicissem,
1025 2744 1106 2786 eum
1124 2731 1254 2787 autem

183 2851 285 2906 „cum
309 2830 462 2893 vicissem
487 2826 570 2894 cet.“

268 2936 368 3000 Nulla
391 2937 639 3002 demonstrativi
665 2931 914 3021 transpositione
943 2958 1024 3020 opus
1048 2959 1118 3000 esse
1146 2936 1255 3001 elucet

180 3066 222 3108 ex
246 3044 327 3108 locis
350 3053 400 3108 ut:

269 3152 309 3215 de
326 3173 371 3215 or.
389 3151 442 3214 ΠΙ
461 3150 538 3215 Ill:
575 3153 629 3214 sed
660 3173 697 3214 ea
724 3173 781 3214 uos
812 3174 883 3213 curu
905 3152 1041 3213 iuceutia
1070 3151 1254 3213 sustulimus

180 3263 330 3337 ottradus,
372 3262 453 3323 sicut
480 3259 699 3322 mollissimam
722 3281 826 3322 ceram
850 3260 893 3322 ad
916 3270 1060 3332 uestrum
1083 3257 1254 3322 arbitrium

170 3367 354 3449 shrutuurus
383 3379 411 3430 et
424 3368 593 3451 fiupiutu83
623 3367 662 3430 in⁴
674 3367 767 3430 Verr.
786 3366 806 3430 l.
824 3367 851 3449 I,
870 3366 948 3430 100:
974 3366 1079 3450 Atque
1103 3365 1161 3429 boe
1176 3369 1206 3429 si
1220 3369 1256 3428 iu

177 3485 338 3557 posterum
355 3476 513 3554 adiutores,
531 3477 635 3536 utiuus
652 3487 729 3537 erret
743 3473 920 3556 offertum
943 3475 975 3536 in
993 3472 1086 3536 Verr.
1105 3472 1126 3536 l.
1144 3472 1255 3538 1133:

184 3581 285 3664 idque
309 3603 379 3643 cum
393 3580 548 3662 furiebat,
574 3603 662 3644 uerso
687 3581 861 3663 dubitabat,
887 3583 965 3664 quiu
989 3588 1021 3643 et
1036 3601 1067 3665 q.
1085 3602 1109 3644 s.

326 3681 407 3736 Item:
427 3683 454 3734 in
474 3682 527 3735 Pis.
542 3682 577 3736 84
596 3684 690 3752 (eisque
709 3685 775 3750 011111)
781 3703 788 3746 ,·
809 3681 878 3735 Phil.
892 3682 916 3734 V
931 3682 1063 3752 55011001
1082 3683 1128 3748 si);
1149 3687 1177 3736 et
1195 3701 1255 3754 per-

251 3772 336 3824 multa
356 3772 408 3824 alia
427 3771 533 3825 similia.

273 3902 337 3966 Sed
362 3925 436 3967 cum
460 3904 667 3986 transpositio
691 3903 823 3988 quidem
852 3902 984 3966 relativi
1007 3901 1131 3966 nullam
1155 3903 1257 3968 faciat

182 4010 420 4094 difficultatem,
458 4021 506 4075 est
530 4011 620 4075 aliud
644 4011 731 4097 quod
755 4013 790 4074 in
813 4011 875 4075 hac
903 4011 1008 4095 prima
1036 4010 1257 4095 explicatione

181 4118 330 4199 offendit3
367 4119 466 4204 idque
493 4119 590 4183 facile
620 4129 757 4204 apparet
784 4141 859 4184 cum
889 4141 961 4183 eam
991 4117 1149 4184 adhibere
1173 4128 1257 4185 tem·
