2866 4762
564 283 779 349 ..45-

105 528 112 543 ,
136 465 239 530 ditas
268 463 443 528 venisset
473 464 630 528 exsistere
655 485 719 527 non
743 471 861 548 potest,
897 485 972 527 cum
996 471 1103 549 potest
1126 462 1207 526 dici:

135 594 235 658 quae
263 571 413 636 vereris
436 593 485 635 ne
510 580 695 657 suscepta
718 570 915 634 videatur:
949 570 1011 634 hoc
1035 571 1112 655 quia
1135 592 1206 633 vcr-

137 680 215 744 bum
245 679 437 764 primarium
464 681 580 742 vereris
610 680 657 742 in:
690 700 787 763 quae
811 678 961 742 vereris
985 687 1017 741 11
1040 699 1072 762 q.
1095 700 1119 742 s.
1144 699 1208 741 non

134 788 329 869 necessarie,
343 795 380 851 ut
392 785 543 868 vidimus,
559 808 633 850 cum
645 786 836 872 pronomine
849 785 987 850 relativo
1000 786 1209 870 coniungitur

136 904 170 959 et
193 894 271 979 quia
294 893 376 958 illud
400 892 539 957 verbum
560 892 663 956 solum
681 894 887 957 enuntiatum
904 892 1134 957 secundarium
1146 906 1208 978 'pro

136 1001 265 1066 obiecto
278 1000 399 1066 habere
412 1009 533 1085 potest,
551 1009 585 1064 at
601 1001 634 1063 in
651 999 803 1086 exemplo
816 1009 896 1064 orat.
914 1001 947 1063 in
961 1000 1054 1064 Verr.
1069 1000 1138 1064 111
1154 1001 1208 1083 53,

136 1132 212 1174 cum
235 1109 321 1173 inter
343 1116 519 1193 utrumque
542 1107 681 1171 verbum
705 1143 749 1151 —
773 1117 806 1172 et
829 1109 1018 1194 primarium
1043 1118 1076 1172 et
1093 1129 1209 1172 secun·

136 1218 264 1282 darium
278 1251 319 1259 —
334 1225 367 1280 et
379 1237 556 1301 pronomen
570 1214 745 1279 relativum
757 1216 840 1280 ratio
850 1215 1015 1300 quaedam
1024 1216 1208 1280 necessario

137 1323 328 1405 intercedat,
347 1324 452 1387 forma
475 1323 554 1404 cui,
579 1322 679 1387 bona
700 1331 733 1386 et
748 1345 778 1408 q.
797 1345 821 1386 s.
839 1323 997 1387 exsistere
1012 1345 1077 1387 non
1091 1332 1208 1409 potest,

135 1431 292 1518 quoniam
307 1430 483 1494 relativum
495 1430 593 1493 sumit
605 1451 717 1494 casum
729 1453 749 1493 a
761 1429 863 1494 verbo
875 1430 1114 1516 perdidisset
1126 1431 1210 1515 peti-

137 1548 218 1620 tum,
242 1559 382 1623 quocum
406 1537 530 1623 pariter
553 1537 771 1621 coniungitur,
796 1546 895 1622 atque
919 1538 978 1601 ita:
1009 1538 1085 1621 cui,
1111 1537 1210 1601 bona

137 1656 171 1711 et
194 1669 224 1731 q.
243 1668 266 1710 1.
292 1646 344 1709 fit:
372 1647 429 1728 qai
455 1644 538 1708 dorio
560 1667 625 1707 raon
655 1647 856 1730 perdidisset,
891 1647 958 1708 aiei
991 1648 1021 1709 ei
1053 1647 1210 1710 hereditas

136 1757 283 1834 oeeirret3
308 1775 392 1838 quae
417 1762 466 1816 111
489 1761 662 1833 structura,
687 1752 775 1816 unde
799 1752 936 1836 profecti
960 1775 1080 1816 sumus.

229 1859 295 1925 Sed
331 1859 451 1944 quibus
486 1858 527 1922 de
562 1859 668 1923 causis
696 1869 768 1922 orta
798 1868 847 1923 est
877 1867 1057 1924 structura:
1097 1882 1209 1944 quam

136 1967 287 2031 vereris
310 1988 356 2030 ne
380 1988 400 2029 1
427 1975 464 2029 11
493 1977 678 2051 suscepta
706 1966 905 2049 videatur,
942 1967 1035 2030 cuius
1059 1976 1209 2030 naturam

137 2075 203 2138 iarn
238 2095 337 2159 supra
373 2072 553 2157 explanare
588 2073 844 2157 temptavimus?
895 2074 1041 2137 Primum
1075 2083 1210 2159 propter

138 2181 392 2246 concinnitatem
429 2180 611 2265 quandam3
647 2181 708 2244 hoc
742 2181 916 2266 perspicue
951 2190 1098 2267 apparet,
1135 2204 1210 2246 eum

138 2288 221 2353 tales
244 2288 333 2352 locos
357 2288 612 2352 consideramus:

227 2418 259 2481 p.
283 2395 395 2459 Plane.
421 2395 478 2460 52:
516 2418 612 2480 qaam
652 2408 686 2458 te
722 2398 840 2459 rereria
876 2417 915 2459 ree
948 2420 968 2459 a
1006 2409 1033 2460 11
1066 2409 1211 2481 suscepta

136 2505 301 2577 oideatar,·
331 2525 363 2588 p.
380 2501 503 2567 Archia
519 2525 550 2587 p.
571 2505 604 2566 1:
630 2504 717 2586 quod
739 2505 837 2566 centio
862 2526 958 2587 qaam
981 2507 1023 2567 sit
1045 2507 1210 2588 eriperem

137 2611 179 2674 de
204 2632 248 2689 pr.
274 2609 394 2674 1258:
437 2611 523 2694 quod
560 2610 733 2673 mehercule
771 2632 880 2674 vereor
912 2633 952 2674 ree
992 2611 1064 2674 daie
1100 2610 1209 2675 Catulo

137 2719 283 2782 uideatur
307 2739 370 2781 1111
389 2717 523 2802 puerile.

230 2824 358 2904 Quibus
379 2823 458 2888 11111
475 2825 666 2887 concinnius
682 2823 772 2887 cadit
787 2825 890 2888 oratio
908 2846 1005 2909 quam
1022 2826 1050 2888 si
1067 2825 1208 2889 dicatur:

138 2931 291 3018 quodne
314 2931 391 2995 huie
420 2930 537 2996 Catulo
573 2930 725 2994 videatur
760 2953 829 2994 esse
865 2932 989 3016 puerile
1024 2932 1210 2997 mehercule

138 3061 255 3104 vereor
278 3039 348 3103 vel:
373 3039 459 3123 quod
484 3060 582 3124 quam
606 3039 648 3102 sit
671 3060 835 3122 exeguum
860 3039 974 3102 sentio.

232 3146 297 3211 Sed
320 3147 453 3231 gravior
476 3145 580 3209 altera
600 3167 708 3229 causa,
735 3145 775 3208 de
792 3168 857 3230 qua
873 3168 947 3209 eum
964 3169 983 3210 a
998 3147 1110 3210 multis
1127 3147 1209 3228 11111,

138 3264 208 3318 tum
234 3278 253 3318 a
276 3252 555 3346 Steinthalio¹t
590 3252 713 3317 dictum
749 3263 798 3317 est
833 3276 936 3338 eaque
965 3263 1014 3317 est
1039 3255 1210 3340 propensio

138 3371 276 3426 naturae
292 3362 455 3425 humanae
471 3362 579 3441 insita,
605 3384 670 3446 qua
694 3361 839 3425 homines
862 3363 895 3425 in
921 3363 1095 3446 cogitando
1112 3374 1210 3447 atquc

139 3471 172 3533 in
198 3469 337 3534 dicendo
362 3492 382 3532 a
405 3470 516 3533 formis
540 3468 714 3533 abstractis
738 3471 880 3532 maxime
905 3469 1089 3533 abhorrent.

233 3577 317 3658 ,Die
333 3576 538 3660 Hauptreihe
561 3576 640 3660 geht
663 3575 735 3639 hier
758 3573 837 3658 (1.1.
859 3578 892 3640 in
909 3576 1210 3640 confirmationibus

143 3692 215 3767 „utz
251 3684 346 3748 Nosti
373 3682 566 3747 Marcellum
602 3706 700 3769 quam
730 3683 841 3747 tardus
870 3681 925 3764 sit)
954 3683 1084 3748 allemal
1108 3705 1210 3747 voran

143 3791 232 3874 „und
256 3791 310 3855 die
337 3791 371 3854 in
400 3791 451 3854 ihr
486 3790 635 3875 liegende
660 3791 871 3875 Vorstellung
900 3792 988 3855 eines
1017 3793 1210 3856 transitiven

142 3899 326 3976 „Verbums
350 3899 452 3962 nosti
476 3897 555 3962 hebt
577 3898 790 3962 unmittelbar
814 3899 871 3962 das
897 3898 1023 3982 Objekt
1047 3899 1105 3963 des
1127 3900 1209 3963 Ver-

230 4137 251 4203 l)
271 4133 398 4189 Zeitschr.
419 4135 462 4188 fiir
480 4134 704 4207 lekerpsychol.
725 4154 749 4189 u.
770 4106 906 4206 Sprachw.
925 4136 986 4191 Vol.
1005 4136 1026 4204 I,
1046 4154 1091 4207 pg.
1105 4136 1165 4190 154.
