2866 4762
507 259 744 323 -169-

88 433 248 519 exemplis
280 435 457 521 disputare,
493 438 527 500 in
557 437 676 523 quibus
705 458 882 522 pronomen
907 435 1082 500 relativum
1106 436 1162 500 de-

87 542 336 607 monstrativam
372 545 439 606 vim
474 543 588 625 habet3
629 545 661 607 in
697 566 762 629 qua
800 566 836 607 re
870 542 952 607 nihil
988 554 1037 608 est
1075 543 1162 628 quod

90 649 383 733 reprehendamus3
408 661 567 735 quantum
584 652 625 715 de
641 651 746 715 tribus
763 651 934 715 structuris
950 651 1046 732 dixit,
1063 661 1162 734 recte,

90 756 148 820 sed
172 765 331 841 exparte
355 767 482 821 tantum
507 781 561 822 eas
586 758 775 843 explicavit.

179 897 403 982 Draegerus
426 899 637 984 idem-atque
661 898 870 964 Paetzoltius.
960 958 964 965 .

180 1039 404 1105 Gossravus
428 1041 640 1126 neglegenter
663 1054 696 1107 et
719 1064 889 1128 perperam
907 1064 975 1106 rem
992 1043 1162 1124 tractavit3

89 1147 248 1212 faciamus
271 1149 378 1233 ipsum
403 1148 605 1234 loquentem:
655 1149 742 1226 „Das
767 1149 953 1213 Relativum
978 1149 1065 1214 steht
1088 1172 1163 1213 zum

92 1277 254 1338 „engeren
275 1255 478 1320 Anschlusse
502 1256 561 1320 der
585 1256 680 1321 Satze
704 1257 788 1321 noch
814 1256 924 1334 (antea
948 1257 989 1320 de
1013 1257 1165 1321 iunctura

93 1362 250 1440 „relativa
274 1365 473 1428 enuntiati
493 1364 624 1429 relativi
641 1365 787 1446 dixerat3
812 1365 862 1429 his
879 1365 989 1429 verbis
1006 1365 1048 1429 ad
1065 1387 1163 1429 com-

92 1470 412 1555 „prehensionem
425 1471 597 1536 relativam
609 1474 749 1552 transiit)
764 1473 1162 1557 nebenKonJunktionen,

93 1577 289 1655 „besonders
314 1578 430 1660 denen,
456 1579 579 1643 welche
603 1603 679 1644 vom
700 1581 832 1645 Relativ
857 1581 1070 1664 abstammen,
1095 1581 1164 1645 und
1209 1614 1213 1621 x

93 1683 200 1768 „dann
228 1695 308 1750 stcts
337 1709 397 1750 vor
420 1687 623 1768 demselben3
660 1711 694 1752 so
719 1691 883 1774 quicum,
919 1690 1163 1774 quiquoniam,

93 1795 194 1875 „cet.“
223 1792 267 1877 (p.
293 1789 388 1878 422);
418 1817 502 1880 quae
527 1795 616 1859 dicta
639 1795 766 1859 nullum
790 1796 977 1881 exemplum
1002 1797 1171 1882 sequiturp

91 1900 202 1984 colligi
230 1910 357 1965 tantum
388 1911 506 1987 potest,
543 1925 617 1967 eum
648 1903 689 1967 de
713 1904 884 1967 structuris
907 1904 942 1967 Π
966 1913 998 1967 et
1022 1904 1075 1967 HI
1098 1903 1163 1967 dis-

90 2017 225 2093 putare3
250 2008 368 2072 deinde
391 2008 490 2094 paulo
513 2011 600 2075 infra
623 2012 669 2074 sic
693 2012 814 2095 pergit:
865 2011 955 2094 „Das
975 2009 1164 2075 Relativum

94 2117 172 2197 „mit
202 2114 325 2179 seinem
354 2116 451 2181 Satze
475 2118 556 2182 wird
579 2119 837 2202 vorgeschoben‚
875 2118 942 2182 und
972 2141 1006 2183 es
1030 2119 1164 2182 konnen

95 2223 203 2304 „daun
227 2225 308 2287 zwei
331 2223 482 2288 Relative
507 2225 560 2288 bei
584 2222 740 2290 einander
763 2226 887 2309 stehen,
911 2236 961 2291 ut:

183 2330 243 2412 „Id
259 2330 363 2394 solum
385 2331 506 2395 bonum
529 2342 587 2415 est,
612 2355 676 2418 quo
700 2334 756 2419 qui
780 2334 933 2418 potiatur,
957 2355 1091 2397 necesse
1116 2342 1165 2397 est

94 2436 229 2518 „beatus
253 2438 324 2501 sit.“

181 2541 255 2621 Quo
273 2545 343 2608 loco
360 2546 406 2609 ita
423 2545 513 2629 dicit,
536 2555 703 2631 tamquam
721 2548 748 2610 si
769 2548 803 2610 in
828 2548 996 2611 enuntiato
1022 2570 1083 2632 qno
1109 2549 1167 2631 qai

76 2656 245 2738 φοιτήτην,
275 2663 384 2738 partes
408 2676 491 2739 quae
520 2662 610 2717 sunt:
636 2676 697 2738 quo
729 2665 761 2718 et
789 2659 847 2739 qui
873 2659 1019 2740 potiatur·
1042 2656 1163 2740 disiugi

92 2769 224 2845 possent
247 2783 308 2825 nec
333 2762 580 2847 anteponendae
605 2771 721 2825 essent.

184 2869 296 2950 Porro,
321 2890 395 2932 curn
418 2868 516 2954 paulo
533 2878 606 2954 post
622 2869 667 2932 ita
683 2870 804 2954 pergit:
832 2869 915 2952 „Mn
936 2869 1009 2932 dem
1031 2868 1163 2932 Relativ

95 2973 181 3059 „lasst
204 2976 274 3039 sich
299 2976 371 3039 eine
395 2999 479 3039 neue
495 2976 634 3040 Periode
658 2973 875 3058 anschliessen,
901 2976 985 3039 auch
1009 2999 1102 3039 wenn
1128 2997 1163 3039 es

95 3106 189 3166 ⁷,zum
213 3083 510 3167 untergeordncten
527 3084 625 3149 Satze
647 3083 777 3168 gehort:
816 3083 1001 3168 „Epicurus
1026 3093 1161 3147 estnon

94 3191 193 3272 „satis
217 3191 339 3277 politus
355 3192 395 3254 iis
411 3191 547 3274 artibus,
572 3213 653 3276 quas
681 3193 737 3276 qui
760 3200 883 3273 tenent,
910 3191 1030 3254 eruditi
1053 3189 1164 3276 appel·

97 3297 260 3381 „lantur“,
285 3298 367 3362 nihil
391 3300 469 3363 novi
493 3300 639 3384 exponit.

183 3423 383 3507 Reisigius
418 3432 545 3487 tantum
580 3424 621 3487 de
650 3432 815 3488 structura
842 3424 895 3487 III
924 3431 1164 3506 commemorat,

92 3530 127 3594 id
158 3540 266 3595 autem
295 3552 360 3594 non
389 3530 430 3594 de
458 3530 607 3594 omnibus
636 3531 705 3594 eius
733 3531 854 3613 formis,
891 3531 948 3595 sed
972 3540 1099 3594 tantum
1124 3530 1165 3593 de

94 3639 149 3718 eis,
190 3639 224 3702 in
263 3637 382 3723 quibus
416 3647 490 3722 post
524 3637 700 3701 relativum
735 3636 897 3722 particula
932 3637 1165 3702 condicionalis

93 3745 255 3831 quaedam
278 3747 419 3829 ponitur.

184 3853 387 3917 Differentiis
416 3854 582 3936 expositis,
613 3854 677 3916 iam
701 3852 882 3935 videamus,
911 3874 995 3937 quae
1020 3853 1061 3916 sit
1084 3851 1166 3917 haec

19 3949 22 3956 ¹
94 3960 198 4045 prima
223 3961 331 4045 opinio
353 3961 423 4043 ipsa
451 3970 508 4023 aut
534 3959 696 4044 quomodo
719 3960 782 4022 viri
809 3959 898 4024 docti
918 3957 1008 4023 illam
1030 3961 1167 4044 professi

94 4076 275 4133 structuras
298 4067 325 4150 Ι,
350 4066 384 4130 ΙΙ
408 4078 440 4131 et
463 4067 517 4131 HI
541 4067 717 4151 explanare
741 4067 854 4131 velint.
