2866 4762
279 1215 390 1331 Saepe
413 1246 451 1310 fit
467 1253 504 1309 ut
520 1245 724 1309 enuntiatum
740 1245 916 1310 relativum
938 1245 1077 1311 alterum
1098 1247 1161 1312 sibi
1181 1249 1258 1313 sub-

184 1356 334 1420 iunctum
351 1353 471 1418 habeat
488 1353 702 1436 enuntiatum,
725 1354 759 1417 in
775 1375 839 1439 quo
855 1354 943 1418 notio
960 1357 1159 1440 pronominis
1174 1357 1258 1421 rela-

182 1463 257 1544 tivi,
294 1461 470 1526 subaudita
505 1458 560 1524 vel
595 1482 761 1545 expressa,
797 1461 917 1525 obiecti
952 1461 1006 1526 vel
1034 1463 1174 1528 subiecti
1203 1464 1258 1528 vel

183 1570 336 1635 attributi
360 1591 494 1633 munere
519 1569 691 1652 fungatur3
717 1569 805 1654 quod
829 1591 904 1634 oum
928 1571 1079 1652 occurrit,
1104 1573 1131 1636 si
1156 1594 1258 1636 enun-

183 1679 302 1743 tiatum
327 1677 556 1741 secundarium
580 1677 665 1740 inter
688 1685 798 1762 partes
822 1678 983 1741 enuntiati
1006 1677 1136 1743 relativi
1159 1678 1257 1744 collo·

183 1795 289 1865 catur,
315 1785 444 1848 exsistit
467 1784 621 1847 orationis
646 1784 858 1848 conformatio
882 1783 975 1847 velut
998 1785 1093 1849 haec:

279 1891 348 1955 Cic.
374 1891 414 1955 de
439 1891 524 1954 dom.
552 1890 630 1954 139:
666 1890 713 1953 M.
727 1889 887 1965 ‚Horatius
910 1892 964 1954 ille
988 1892 1160 1972 Pulvillus,
1191 1898 1258 1976 qai,

181 2023 254 2064 caca
287 2022 357 2062 euna
389 2000 482 2062 oculte'
511 2011 645 2084 propter
671 1999 828 2061 invidiam
849 2001 938 2085 fictis
965 1999 1174 2084 elipandus
1200 2004 1258 2063 im-

183 2110 340 2194 pedirent,
350 2109 465 2171 restitit
476 2119 504 2170 et
517 2109 772 2170 constantissima
780 2105 1078 2190 menteCapitolt‘um
1091 2109 1256 2171 dedicavit.

166 2199 171 2207 ¹
278 2215 344 2280 Sed
374 2215 489 2278 eadem
518 2215 586 2278 fere
615 2214 776 2278 sententia
807 2195 906 2277 etiam
934 2214 995 2278 hac
1024 2214 1127 2279 altera
1155 2215 1258 2278 forma

186 2324 329 2408 exprimi
352 2331 470 2407 potest,
495 2323 635 2385 sermoni
659 2321 777 2384 Latino
802 2322 1028 2386 usitatissima:

278 2429 346 2495 Cic.
365 2431 462 2494 Tusc.
480 2429 563 2514 disp.
586 2429 695 2492 1160:
721 2451 812 2512 quem
836 2452 906 2491 eam
923 2428 1084 2494 Cleanthes
1100 2431 1257 2492 condisci-

183 2538 281 2624 palus
304 2549 442 2622 reparet,
469 2559 625 2621 quaenam
647 2538 731 2600 ratio
756 2538 794 2599 de
813 2539 966 2600 cententio
983 2559 1052 2599 eum
1068 2538 1257 2616 deduxisset,

186 2647 361 2731 respoudit.

282 2751 374 2815 Haec
399 2761 508 2814 autem
534 2751 731 2814 constructio
756 2771 839 2832 cum,
877 2760 1034 2835 quantum
1063 2750 1104 2814 ad
1129 2771 1259 2813 sensum

186 2861 312 2938 attinet,
349 2857 447 2922 valde
479 2857 664 2922 estsimilis
689 2859 728 2939 ei,
754 2879 838 2942 quae
862 2858 1039 2940 praecedit,
1076 2866 1146 2921 tum
1182 2879 1258 2921 con-

183 2967 378 3030 formatione
407 2988 465 3030 sua
488 2966 637 3051 proxime
667 2964 796 3029 accedit
819 2965 861 3028 ad
885 2964 1129 3029 similitudinem
1154 2973 1257 3028 struc-

184 3083 289 3153 turae,
315 3095 399 3158 quae
423 3072 567 3158 exempli
592 3094 690 3136 causa
714 3071 847 3156 legitur:

275 3179 343 3245 Cio.
362 3180 403 3243 de
420 3180 485 3244 div.
504 3180 520 3242 I
537 3180 594 3244 96:
629 3202 709 3264 quac
733 3201 803 3241 cam
826 3179 917 3242 uellet
936 3179 1259 3262 Lysander'comma·

186 3301 266 3368 ture,
292 3289 399 3351 eadem
423 3299 468 3350 ert
489 3287 667 3372 prohibitas
690 3288 850 3370 relipioae.

275 3393 358 3459 Cum
383 3395 445 3458 hae
469 3403 535 3458 tres
560 3394 818 3458 constructiones
842 3403 909 3457 tam
933 3402 1022 3456 arcte
1046 3395 1131 3457 inter
1153 3416 1187 3458 se
1203 3393 1258 3457 vel

183 3525 282 3568 sensu
318 3503 372 3566 vel
408 3503 513 3566 forma
548 3503 753 3584 cohaereant,
793 3502 1003 3587 perspicuum
1038 3512 1097 3584 est,
1133 3501 1256 3566 nullam

183 3621 273 3675 recte
298 3609 445 3693 intellegi
470 3632 576 3695 posse,
601 3611 663 3674 nisi
680 3609 826 3694 reliquae
843 3630 973 3694 quoque
990 3608 1165 3692 diligenter
1181 3631 1257 3673 con·
1318 3663 1320 3666 .

182 3718 383 3799 siderentur3
408 3739 520 3802 quare,
545 3739 619 3781 cum
643 3738 701 3780 nos
725 3725 922 3779 structuram
938 3715 973 3778 II
996 3721 1093 3800 (quae
1117 3716 1200 3780 inest
1224 3717 1256 3779 in

183 3825 254 3891 Cio.
280 3826 378 3890 Tusc.
404 3825 487 3911 disp.
512 3820 628 3905 1160)
664 3833 817 3892 accurate
847 3833 957 3887 mente
982 3824 1258 3908 comprehendere

184 3934 354 4019 vellemus
392 3957 526 3999 necesse
549 3934 612 3998 fuit
635 3933 831 4019 perspicere,
863 3955 947 4017 quae
971 3933 1053 3996 ratio
1077 3934 1162 3996 inter
1186 3955 1258 3996 eam

183 4051 218 4107 et
241 4041 385 4128 reliquas
410 4042 642 4123 intercederet3
679 4041 737 4105 sed
762 4041 893 4104 cumin
918 4063 955 4104 eo
978 4040 1197 4123 haereremus,
1222 4049 1259 4103 ut
