<?xml version="1.0" encoding="UTF-8"?>
<!DOCTYPE html PUBLIC "-//W3C//DTD XHTML 1.0 Transitional//EN"
    "http://www.w3.org/TR/xhtml1/DTD/xhtml1-transitional.dtd">
<html xmlns="http://www.w3.org/1999/xhtml" xml:lang="en" lang="en">
 <head>
  <title>
</title>
<meta http-equiv="Content-Type" content="text/html;charset=utf-8" />
  <meta name='ocr-system' content='tesseract 3.04.00' />
  <meta name='ocr-capabilities' content='ocr_page ocr_carea ocr_par ocr_line ocrx_word'/>
</head>
<body>
  <div class='ocr_page' id='page_1' title='image "./decomprehension00mihagoog_0021.png"; bbox 0 0 2866 4762; ppageno 0'>
   <div class='ocr_carea' id='block_1_1' title="bbox 694 279 907 341">
    <p class='ocr_par' dir='ltr' id='par_1_1' title="bbox 694 279 907 341">
     <span class='ocr_line' id='line_1_1' title="bbox 694 279 907 341; baseline -0.009 -19"><span class='ocrx_word' id='word_1_1' title='bbox 694 279 907 341; x_wconf 77' lang='lat'>..16-</span> 
     </span>
    </p>
   </div>
   <div class='ocr_carea' id='block_1_2' title="bbox 262 455 1340 737">
    <p class='ocr_par' dir='ltr' id='par_1_2' title="bbox 262 455 1340 737">
     <span class='ocr_line' id='line_1_2' title="bbox 265 455 1340 541; baseline -0.001 -18"><span class='ocrx_word' id='word_1_2' title='bbox 265 471 387 523; x_wconf 85' lang='lat' dir='ltr'><em>oeutum</em></span> <span class='ocrx_word' id='word_1_3' title='bbox 409 459 458 521; x_wconf 89' lang='lat' dir='ltr'><em>rei</em></span> <span class='ocrx_word' id='word_1_4' title='bbox 483 455 632 541; x_wconf 81' lang='lat' dir='ltr'><em>publicae</em></span> <span class='ocrx_word' id='word_1_5' title='bbox 661 478 780 541; x_wconf 88' lang='lat' dir='ltr'><em>poeuas</em></span> <span class='ocrx_word' id='word_1_6' title='bbox 804 458 938 535; x_wconf 87' lang='lat' dir='ltr'><em>dederis,</em></span> <span class='ocrx_word' id='word_1_7' title='bbox 964 456 1017 520; x_wconf 90' lang='lat' dir='ltr'><em>ille</em></span> <span class='ocrx_word' id='word_1_8' title='bbox 1040 457 1134 520; x_wconf 78' lang='lat' dir='ltr'><em>liuius</em></span> <span class='ocrx_word' id='word_1_9' title='bbox 1158 456 1234 520; x_wconf 86' lang='lat' dir='ltr'><em>belli</em></span> <span class='ocrx_word' id='word_1_10' title='bbox 1247 457 1340 540; x_wconf 84' lang='lat' dir='ltr'><em>feret</em></span> 
     </span>
     <span class='ocr_line' id='line_1_3' title="bbox 262 561 1336 651; baseline 0 -23"><span class='ocrx_word' id='word_1_11' title='bbox 262 568 482 651; x_wconf 75' lang='lat' dir='ltr'><em>principatum</em></span> <span class='ocrx_word' id='word_1_12' title='bbox 508 561 572 640; x_wconf 85' lang='lat' dir='ltr'><em>(ille</em></span> <span class='ocrx_word' id='word_1_13' title='bbox 592 564 734 648; x_wconf 87' lang='lat' dir='ltr'><em>positum</em></span> <span class='ocrx_word' id='word_1_14' title='bbox 751 564 828 649; x_wconf 83' lang='lat' dir='ltr'><em>quis</em></span> <span class='ocrx_word' id='word_1_15' title='bbox 844 585 903 627; x_wconf 84' lang='lat' dir='ltr'><em>sus</em></span> <span class='ocrx_word' id='word_1_16' title='bbox 918 564 1008 628; x_wconf 89' lang='lat' dir='ltr'><em>notio</em></span> <span class='ocrx_word' id='word_1_17' title='bbox 1024 564 1170 647; x_wconf 85' lang='lat' dir='ltr'><em>graviter</em></span> <span class='ocrx_word' id='word_1_18' title='bbox 1186 561 1336 646; x_wconf 79' lang='lat' dir='ltr'><em>dieitur);</em></span> 
     </span>
     <span class='ocr_line' id='line_1_4' title="bbox 407 664 1111 737; baseline -0.004 -16"><span class='ocrx_word' id='word_1_19' title='bbox 407 666 490 721; x_wconf 82' lang='lat' dir='ltr'><strong>Item:</strong></span> <span class='ocrx_word' id='word_1_20' title='bbox 510 666 537 718; x_wconf 90' lang='lat' dir='ltr'><em>in</em></span> <span class='ocrx_word' id='word_1_21' title='bbox 556 665 632 719; x_wconf 82' lang='lat' dir='ltr'><em>Vorr.</em></span> <span class='ocrx_word' id='word_1_22' title='bbox 652 664 701 718; x_wconf 85' lang='lat'><em>1.1</em></span> <span class='ocrx_word' id='word_1_23' title='bbox 720 665 750 720; x_wconf 82' lang='lat'><em>8:</em></span> <span class='ocrx_word' id='word_1_24' title='bbox 770 665 827 737; x_wconf 91' lang='lat' dir='ltr'><em>(qui</em></span> <span class='ocrx_word' id='word_1_25' title='bbox 846 684 906 719; x_wconf 89' lang='lat' dir='ltr'><em>sum</em></span> <span class='ocrx_word' id='word_1_26' title='bbox 925 665 955 718; x_wconf 93' lang='lat' dir='ltr'><em>P.</em></span> <span class='ocrx_word' id='word_1_27' title='bbox 976 665 1111 734; x_wconf 81' lang='lat' dir='ltr'>Galbam).</span> 
     </span>
    </p>
   </div>
   <div class='ocr_carea' id='block_1_3' title="bbox 266 813 1338 1758">
    <p class='ocr_par' dir='ltr' id='par_1_3' title="bbox 267 813 1337 1006">
     <span class='ocr_line' id='line_1_5' title="bbox 356 813 1337 899; baseline 0.001 -22"><span class='ocrx_word' id='word_1_28' title='bbox 356 814 526 879; x_wconf 81' lang='lat' dir='ltr'>Interdum</span> <span class='ocrx_word' id='word_1_29' title='bbox 547 814 650 879; x_wconf 80' lang='lat' dir='ltr'><em>oratio</em></span> <span class='ocrx_word' id='word_1_30' title='bbox 675 813 721 876; x_wconf 84' lang='lat' dir='ltr'><em>ita</em></span> <span class='ocrx_word' id='word_1_31' title='bbox 744 814 965 878; x_wconf 75' lang='lat' dir='ltr'><em>conformetur</em></span> <span class='ocrx_word' id='word_1_32' title='bbox 987 823 1024 877; x_wconf 88' lang='lat' dir='ltr'><em>ut</em></span> <span class='ocrx_word' id='word_1_33' title='bbox 1048 813 1115 877; x_wconf 84' lang='lat' dir='ltr'><em>diei</em></span> <span class='ocrx_word' id='word_1_34' title='bbox 1134 815 1238 899; x_wconf 84' lang='lat' dir='ltr'><strong>possit</strong></span> <span class='ocrx_word' id='word_1_35' title='bbox 1252 815 1337 878; x_wconf 84' lang='lat' dir='ltr'><em>rela-</em></span> 
     </span>
     <span class='ocr_line' id='line_1_6' title="bbox 267 919 712 1006; baseline -0.004 -21"><span class='ocrx_word' id='word_1_36' title='bbox 267 923 373 986; x_wconf 84' lang='lat' dir='ltr'><em>tivum</em></span> <span class='ocrx_word' id='word_1_37' title='bbox 397 923 505 1006; x_wconf 87' lang='lat' dir='ltr'><em>ipsum</em></span> <span class='ocrx_word' id='word_1_38' title='bbox 529 919 712 985; x_wconf 85' lang='lat' dir='ltr'><strong>subaudiri:</strong></span> 
     </span>
    </p>

    <p class='ocr_par' dir='ltr' id='par_1_4' title="bbox 266 1027 1337 1543">
     <span class='ocr_line' id='line_1_7' title="bbox 360 1027 1337 1111; baseline 0 -19"><span class='ocrx_word' id='word_1_39' title='bbox 360 1030 392 1092; x_wconf 91' lang='lat' dir='ltr'><em>in</em></span> <span class='ocrx_word' id='word_1_40' title='bbox 409 1028 502 1092; x_wconf 77' lang='lat' dir='ltr'><em>Veri.</em></span> <span class='ocrx_word' id='word_1_41' title='bbox 521 1028 541 1092; x_wconf 93' lang='lat' dir='ltr'><em>l.</em></span> <span class='ocrx_word' id='word_1_42' title='bbox 559 1028 604 1110; x_wconf 85' lang='lat'><em>11,</em></span> <span class='ocrx_word' id='word_1_43' title='bbox 621 1028 679 1092; x_wconf 81' lang='lat'><em>29:</em></span> <span class='ocrx_word' id='word_1_44' title='bbox 712 1027 868 1111; x_wconf 80' lang='lat' dir='ltr'><em>Africani</em></span> <span class='ocrx_word' id='word_1_45' title='bbox 893 1040 938 1091; x_wconf 89' lang='lat' dir='ltr'><em>est</em></span> <span class='ocrx_word' id='word_1_46' title='bbox 963 1029 1031 1109; x_wconf 81' lang='lat' dir='ltr'><em>loe,</em></span> <span class='ocrx_word' id='word_1_47' title='bbox 1058 1029 1195 1092; x_wconf 82' lang='lat' dir='ltr'><em>iomiuis</em></span> <span class='ocrx_word' id='word_1_48' title='bbox 1222 1029 1337 1093; x_wconf 81' lang='lat' dir='ltr'><em>libera·</em></span> 
     </span>
     <span class='ocr_line' id='line_1_8' title="bbox 267 1135 1337 1222; baseline 0.002 -24"><span class='ocrx_word' id='word_1_49' title='bbox 267 1137 383 1200; x_wconf 88' lang='lat' dir='ltr'><em>lissimi</em></span> <span class='ocrx_word' id='word_1_50' title='bbox 405 1170 446 1178; x_wconf 93' lang='lat'><em>-</em></span> <span class='ocrx_word' id='word_1_51' title='bbox 471 1158 580 1199; x_wconf 84' lang='lat' dir='ltr'><em>aarum</em></span> <span class='ocrx_word' id='word_1_52' title='bbox 603 1148 707 1199; x_wconf 84' lang='lat' dir='ltr'><em>tameo</em></span> <span class='ocrx_word' id='word_1_53' title='bbox 729 1157 766 1199; x_wconf 89' lang='lat' dir='ltr'><em>eo</em></span> <span class='ocrx_word' id='word_1_54' title='bbox 790 1135 965 1200; x_wconf 73' lang='lat' dir='ltr'><em>liberalitas</em></span> <span class='ocrx_word' id='word_1_55' title='bbox 990 1149 1034 1200; x_wconf 84' lang='lat' dir='ltr'><em>eet</em></span> <span class='ocrx_word' id='word_1_56' title='bbox 1046 1135 1229 1222; x_wconf 80' lang='lat' dir='ltr'><em>probando,</em></span> <span class='ocrx_word' id='word_1_57' title='bbox 1255 1159 1337 1221; x_wconf 92' lang='lat' dir='ltr'><em>quae</em></span> 
     </span>
     <span class='ocr_line' id='line_1_9' title="bbox 266 1242 1337 1329; baseline -0.001 -22"><span class='ocrx_word' id='word_1_58' title='bbox 266 1247 333 1308; x_wconf 88' lang='lat' dir='ltr'><em>siae</em></span> <span class='ocrx_word' id='word_1_59' title='bbox 351 1243 496 1329; x_wconf 80' lang='lat' dir='ltr'><em>periculo</em></span> <span class='ocrx_word' id='word_1_60' title='bbox 522 1245 764 1306; x_wconf 84' lang='lat' dir='ltr'><em>eaistimatiouis</em></span> <span class='ocrx_word' id='word_1_61' title='bbox 788 1256 842 1323; x_wconf 90' lang='lat' dir='ltr'><em>est,</em></span> <span class='ocrx_word' id='word_1_62' title='bbox 867 1255 902 1306; x_wconf 95' lang='lat' dir='ltr'><em>ut</em></span> <span class='ocrx_word' id='word_1_63' title='bbox 924 1245 959 1306; x_wconf 88' lang='lat' dir='ltr'><em>iu</em></span> <span class='ocrx_word' id='word_1_64' title='bbox 982 1243 1039 1307; x_wconf 89' lang='lat' dir='ltr'><em>illo</em></span> <span class='ocrx_word' id='word_1_65' title='bbox 1046 1242 1120 1326; x_wconf 83' lang='lat' dir='ltr'><em>fuit</em></span> <span class='ocrx_word' id='word_1_66' title='bbox 1137 1267 1194 1306; x_wconf 88' lang='lat'><em>—.·</em></span> <span class='ocrx_word' id='word_1_67' title='bbox 1212 1266 1282 1307; x_wconf 88' lang='lat' dir='ltr'><em>eum</em></span> <span class='ocrx_word' id='word_1_68' title='bbox 1298 1244 1337 1308; x_wconf 81' lang='lat' dir='ltr'><em>ab</em></span> 
     </span>
     <span class='ocr_line' id='line_1_10' title="bbox 268 1351 1337 1436; baseline 0 -22"><span class='ocrx_word' id='word_1_69' title='bbox 268 1373 302 1414; x_wconf 92' lang='lat' dir='ltr'><em>eo</em></span> <span class='ocrx_word' id='word_1_70' title='bbox 319 1351 451 1435; x_wconf 88' lang='lat' dir='ltr'><em>quidam</em></span> <span class='ocrx_word' id='word_1_71' title='bbox 467 1362 553 1413; x_wconf 87' lang='lat' dir='ltr'><em>uetus</em></span> <span class='ocrx_word' id='word_1_72' title='bbox 570 1361 743 1414; x_wconf 85' lang='lat' dir='ltr'><em>assectatur</em></span> <span class='ocrx_word' id='word_1_73' title='bbox 758 1362 787 1414; x_wconf 93' lang='lat' dir='ltr'><em>et</em></span> <span class='ocrx_word' id='word_1_74' title='bbox 803 1400 810 1415; x_wconf 89' lang='lat'><em>.</em></span> <span class='ocrx_word' id='word_1_75' title='bbox 825 1398 832 1413; x_wconf 92' lang='lat'><strong>.</strong></span> <span class='ocrx_word' id='word_1_76' title='bbox 849 1401 855 1414; x_wconf 93' lang='lat'>.</span> <span class='ocrx_word' id='word_1_77' title='bbox 872 1373 937 1414; x_wconf 88' lang='lat' dir='ltr'><em>aaa</em></span> <span class='ocrx_word' id='word_1_78' title='bbox 953 1353 1146 1436; x_wconf 72' lang='lat' dir='ltr'><em>impetraret,</em></span> <span class='ocrx_word' id='word_1_79' title='bbox 1161 1354 1209 1415; x_wconf 90' lang='lat' dir='ltr'><em>uti</em></span> <span class='ocrx_word' id='word_1_80' title='bbox 1223 1374 1255 1414; x_wconf 90' lang='lat' dir='ltr'><em>se</em></span> <span class='ocrx_word' id='word_1_81' title='bbox 1272 1401 1279 1415; x_wconf 90' lang='lat'><strong>.</strong></span> <span class='ocrx_word' id='word_1_82' title='bbox 1295 1403 1300 1414; x_wconf 94' lang='lat'>.</span> <span class='ocrx_word' id='word_1_83' title='bbox 1318 1401 1337 1430; x_wconf 92' lang='lat'><em>.,</em></span> 
     </span>
     <span class='ocr_line' id='line_1_11' title="bbox 266 1455 1336 1543; baseline 0 -21"><span class='ocrx_word' id='word_1_84' title='bbox 266 1473 294 1524; x_wconf 90' lang='lat' dir='ltr'><em>et</em></span> <span class='ocrx_word' id='word_1_85' title='bbox 323 1460 360 1522; x_wconf 89' lang='lat' dir='ltr'><em>id</em></span> <span class='ocrx_word' id='word_1_86' title='bbox 376 1459 483 1540; x_wconf 86' lang='lat' dir='ltr'><em>ferret</em></span> <span class='ocrx_word' id='word_1_87' title='bbox 512 1459 651 1521; x_wconf 86' lang='lat' dir='ltr'><em>moleste:</em></span> <span class='ocrx_word' id='word_1_88' title='bbox 680 1455 820 1538; x_wconf 87' lang='lat' dir='ltr'><em>„Noli“‚</em></span> <span class='ocrx_word' id='word_1_89' title='bbox 848 1461 963 1543; x_wconf 87' lang='lat' dir='ltr'><em>iuquit,</em></span> <span class='ocrx_word' id='word_1_90' title='bbox 994 1461 1143 1539; x_wconf 77' lang='lat' dir='ltr'><em>„rairari&gt;</em></span> <span class='ocrx_word' id='word_1_91' title='bbox 1175 1462 1233 1522; x_wconf 88' lang='lat' dir='ltr'><em>si.</em></span> <span class='ocrx_word' id='word_1_92' title='bbox 1257 1509 1264 1522; x_wconf 91' lang='lat'>.</span> <span class='ocrx_word' id='word_1_93' title='bbox 1288 1456 1336 1522; x_wconf 88' lang='lat'><em>.“</em></span> 
     </span>
    </p>

    <p class='ocr_par' dir='ltr' id='par_1_5' title="bbox 270 1561 1338 1758">
     <span class='ocr_line' id='line_1_12' title="bbox 359 1561 1338 1651; baseline 0.002 -23"><span class='ocrx_word' id='word_1_94' title='bbox 359 1565 431 1645; x_wconf 80' lang='lat' dir='ltr'><em>Quo</em></span> <span class='ocrx_word' id='word_1_95' title='bbox 455 1564 526 1629; x_wconf 86' lang='lat' dir='ltr'><em>loeo</em></span> <span class='ocrx_word' id='word_1_96' title='bbox 550 1587 624 1650; x_wconf 86' lang='lat' dir='ltr'><em>pro:</em></span> <span class='ocrx_word' id='word_1_97' title='bbox 659 1588 749 1647; x_wconf 87' lang='lat' dir='ltr'><em>„eum</em></span> <span class='ocrx_word' id='word_1_98' title='bbox 784 1565 823 1629; x_wconf 86' lang='lat' dir='ltr'><em>ab</em></span> <span class='ocrx_word' id='word_1_99' title='bbox 859 1561 914 1629; x_wconf 84' lang='lat' dir='ltr'><em>eo“</em></span> <span class='ocrx_word' id='word_1_100' title='bbox 1023 1567 1130 1651; x_wconf 90' lang='lat' dir='ltr'><em>potuit</em></span> <span class='ocrx_word' id='word_1_101' title='bbox 1152 1565 1233 1630; x_wconf 83' lang='lat' dir='ltr'><em>diei:</em></span> <span class='ocrx_word' id='word_1_102' title='bbox 1270 1570 1338 1651; x_wconf 89' lang='lat' dir='ltr'><em>qui,</em></span> 
     </span>
     <span class='ocr_line' id='line_1_13' title="bbox 270 1671 1337 1758; baseline 0 -21"><span class='ocrx_word' id='word_1_103' title='bbox 270 1695 341 1737; x_wconf 86' lang='lat' dir='ltr'><em>eum</em></span> <span class='ocrx_word' id='word_1_104' title='bbox 364 1673 403 1736; x_wconf 86' lang='lat' dir='ltr'><em>ab</em></span> <span class='ocrx_word' id='word_1_105' title='bbox 428 1695 462 1736; x_wconf 91' lang='lat' dir='ltr'><em>eo</em></span> <span class='ocrx_word' id='word_1_106' title='bbox 486 1681 522 1736; x_wconf 88' lang='lat' dir='ltr'><em>ut</em></span> <span class='ocrx_word' id='word_1_107' title='bbox 547 1673 580 1735; x_wconf 89' lang='lat' dir='ltr'><em>in</em></span> <span class='ocrx_word' id='word_1_108' title='bbox 605 1671 756 1758; x_wconf 87' lang='lat' dir='ltr'><em>exemplo</em></span> <span class='ocrx_word' id='word_1_109' title='bbox 779 1674 844 1736; x_wconf 88' lang='lat' dir='ltr'><em>iam</em></span> <span class='ocrx_word' id='word_1_110' title='bbox 869 1695 968 1758; x_wconf 84' lang='lat' dir='ltr'><em>supra</em></span> <span class='ocrx_word' id='word_1_111' title='bbox 987 1673 1100 1737; x_wconf 82' lang='lat' dir='ltr'><em>allato:</em></span> <span class='ocrx_word' id='word_1_112' title='bbox 1126 1673 1207 1738; x_wconf 82' lang='lat' dir='ltr'><em>Cato</em></span> <span class='ocrx_word' id='word_1_113' title='bbox 1223 1696 1265 1737; x_wconf 91' lang='lat' dir='ltr'><em>m.</em></span> <span class='ocrx_word' id='word_1_114' title='bbox 1284 1674 1337 1738; x_wconf 88' lang='lat'><em>13.</em></span> 
     </span>
    </p>
   </div>
   <div class='ocr_carea' id='block_1_4' title="bbox 266 1835 1338 2458">
    <p class='ocr_par' dir='ltr' id='par_1_6' title="bbox 266 1835 1338 2242">
     <span class='ocr_line' id='line_1_14' title="bbox 356 1835 1338 1922; baseline -0.001 -23"><span class='ocrx_word' id='word_1_115' title='bbox 356 1837 469 1900; x_wconf 84' lang='lat' dir='ltr'><em>Potest</em></span> <span class='ocrx_word' id='word_1_116' title='bbox 505 1836 603 1899; x_wconf 84' lang='lat' dir='ltr'><em>etiam</em></span> <span class='ocrx_word' id='word_1_117' title='bbox 638 1836 709 1899; x_wconf 85' lang='lat' dir='ltr'><em>fieri</em></span> <span class='ocrx_word' id='word_1_118' title='bbox 743 1845 779 1901; x_wconf 89' lang='lat' dir='ltr'><em>ut</em></span> <span class='ocrx_word' id='word_1_119' title='bbox 812 1836 901 1922; x_wconf 87' lang='lat' dir='ltr'><em>prior</em></span> <span class='ocrx_word' id='word_1_120' title='bbox 923 1858 999 1921; x_wconf 82' lang='lat' dir='ltr'><em>pers</em></span> <span class='ocrx_word' id='word_1_121' title='bbox 1024 1837 1185 1901; x_wconf 89' lang='lat' dir='ltr'><em>enuntiati</em></span> <span class='ocrx_word' id='word_1_122' title='bbox 1208 1835 1338 1900; x_wconf 84' lang='lat' dir='ltr'><em>relativi</em></span> 
     </span>
     <span class='ocr_line' id='line_1_15' title="bbox 266 1943 1337 2028; baseline -0.001 -20"><span class='ocrx_word' id='word_1_123' title='bbox 266 1966 330 2008; x_wconf 90' lang='lat' dir='ltr'><em>non</em></span> <span class='ocrx_word' id='word_1_124' title='bbox 360 1952 487 2008; x_wconf 87' lang='lat' dir='ltr'><em>tantum</em></span> <span class='ocrx_word' id='word_1_125' title='bbox 516 1966 559 2007; x_wconf 86' lang='lat' dir='ltr'><em>ox</em></span> <span class='ocrx_word' id='word_1_126' title='bbox 587 1944 776 2028; x_wconf 84' lang='lat' dir='ltr'><em>pronomine</em></span> <span class='ocrx_word' id='word_1_127' title='bbox 799 1943 949 2024; x_wconf 80' lang='lat' dir='ltr'><em>relativo,</em></span> <span class='ocrx_word' id='word_1_128' title='bbox 978 1952 1015 2008; x_wconf 89' lang='lat' dir='ltr'><em>ut</em></span> <span class='ocrx_word' id='word_1_129' title='bbox 1038 1945 1071 2007; x_wconf 91' lang='lat' dir='ltr'><em>in</em></span> <span class='ocrx_word' id='word_1_130' title='bbox 1095 1944 1245 2008; x_wconf 88' lang='lat' dir='ltr'><em>omnibus</em></span> <span class='ocrx_word' id='word_1_131' title='bbox 1269 1944 1337 2007; x_wconf 84' lang='lat' dir='ltr'><em>foro</em></span> 
     </span>
     <span class='ocr_line' id='line_1_16' title="bbox 267 2049 1336 2136; baseline -0.001 -21"><span class='ocrx_word' id='word_1_132' title='bbox 267 2050 427 2135; x_wconf 87' lang='lat' dir='ltr'><em>exemplis</em></span> <span class='ocrx_word' id='word_1_133' title='bbox 450 2049 620 2136; x_wconf 82' lang='lat' dir='ltr'><em>hueusque</em></span> <span class='ocrx_word' id='word_1_134' title='bbox 643 2050 790 2136; x_wconf 76' lang='lat' dir='ltr'><em>prolatiS,</em></span> <span class='ocrx_word' id='word_1_135' title='bbox 819 2050 876 2114; x_wconf 85' lang='lat' dir='ltr'><em>sed</em></span> <span class='ocrx_word' id='word_1_136' title='bbox 910 2051 1007 2114; x_wconf 86' lang='lat' dir='ltr'><em>etism</em></span> <span class='ocrx_word' id='word_1_137' title='bbox 1037 2073 1079 2114; x_wconf 84' lang='lat' dir='ltr'><em>ex</em></span> <span class='ocrx_word' id='word_1_138' title='bbox 1103 2050 1168 2114; x_wconf 85' lang='lat' dir='ltr'><em>alis</em></span> <span class='ocrx_word' id='word_1_139' title='bbox 1191 2050 1336 2115; x_wconf 84' lang='lat' dir='ltr'><em>eiusdem</em></span> 
     </span>
     <span class='ocr_line' id='line_1_17' title="bbox 270 2158 709 2242; baseline -0.005 -20"><span class='ocrx_word' id='word_1_140' title='bbox 270 2158 430 2222; x_wconf 85' lang='lat' dir='ltr'><em>enuntiati</em></span> <span class='ocrx_word' id='word_1_141' title='bbox 453 2167 547 2242; x_wconf 83' lang='lat' dir='ltr'><em>parte</em></span> <span class='ocrx_word' id='word_1_142' title='bbox 571 2166 709 2221; x_wconf 84' lang='lat' dir='ltr'><em>constet:</em></span> 
     </span>
    </p>

    <p class='ocr_par' dir='ltr' id='par_1_7' title="bbox 269 2263 1338 2458">
     <span class='ocr_line' id='line_1_18' title="bbox 359 2263 1336 2350; baseline 0 -22"><span class='ocrx_word' id='word_1_143' title='bbox 359 2264 445 2329; x_wconf 90' lang='lat' dir='ltr'><em>Phil.</em></span> <span class='ocrx_word' id='word_1_144' title='bbox 456 2264 551 2347; x_wconf 85' lang='lat' dir='ltr'><strong>XIV,</strong></span> <span class='ocrx_word' id='word_1_145' title='bbox 568 2263 623 2328; x_wconf 78' lang='lat'><em>17:</em></span> <span class='ocrx_word' id='word_1_146' title='bbox 660 2265 787 2328; x_wconf 89' lang='lat' dir='ltr'><em>Utiuam</em></span> <span class='ocrx_word' id='word_1_147' title='bbox 805 2265 931 2348; x_wconf 87' lang='lat' dir='ltr'><em>quidem</em></span> <span class='ocrx_word' id='word_1_148' title='bbox 944 2264 997 2327; x_wconf 88' lang='lat' dir='ltr'><em>illi</em></span> <span class='ocrx_word' id='word_1_149' title='bbox 1007 2267 1175 2350; x_wconf 75' lang='lat' dir='ltr'><em>principer</em></span> <span class='ocrx_word' id='word_1_150' title='bbox 1188 2267 1336 2344; x_wconf 78' lang='lat' dir='ltr'><em>uiuerent,</em></span> 
     </span>
     <span class='ocr_line' id='line_1_19' title="bbox 269 2372 1338 2458; baseline -0.001 -22"><span class='ocrx_word' id='word_1_151' title='bbox 269 2375 328 2458; x_wconf 91' lang='lat' dir='ltr'><em>qui</em></span> <span class='ocrx_word' id='word_1_152' title='bbox 348 2395 396 2436; x_wconf 93' lang='lat' dir='ltr'><em>me</em></span> <span class='ocrx_word' id='word_1_153' title='bbox 415 2384 491 2457; x_wconf 84' lang='lat' dir='ltr'><em>post</em></span> <span class='ocrx_word' id='word_1_154' title='bbox 513 2393 615 2434; x_wconf 90' lang='lat' dir='ltr'><em>meum</em></span> <span class='ocrx_word' id='word_1_155' title='bbox 631 2372 838 2452; x_wconf 81' lang='lat' dir='ltr'><em>consulatum,</em></span> <span class='ocrx_word' id='word_1_156' title='bbox 855 2393 925 2434; x_wconf 89' lang='lat' dir='ltr'><em>eum</em></span> <span class='ocrx_word' id='word_1_157' title='bbox 939 2374 981 2435; x_wconf 88' lang='lat' dir='ltr'><em>iis</em></span> <span class='ocrx_word' id='word_1_158' title='bbox 996 2373 1065 2457; x_wconf 85' lang='lat' dir='ltr'><em>ipse</em></span> <span class='ocrx_word' id='word_1_159' title='bbox 1081 2373 1230 2453; x_wconf 83' lang='lat' dir='ltr'><em>cederem,</em></span> <span class='ocrx_word' id='word_1_160' title='bbox 1244 2375 1338 2457; x_wconf 88' lang='lat' dir='ltr'><em>priu-</em></span> 
     </span>
    </p>
   </div>
   <div class='ocr_carea' id='block_1_5' title="bbox 266 2477 1337 2740">
    <p class='ocr_par' dir='ltr' id='par_1_8' title="bbox 266 2477 1337 2740">
     <span class='ocr_line' id='line_1_20' title="bbox 266 2477 760 2564; baseline -0.002 -21"><span class='ocrx_word' id='word_1_161' title='bbox 266 2482 369 2564; x_wconf 88' lang='lat' dir='ltr'><em>eipem</em></span> <span class='ocrx_word' id='word_1_162' title='bbox 391 2502 456 2542; x_wconf 86' lang='lat' dir='ltr'><em>aaa</em></span> <span class='ocrx_word' id='word_1_163' title='bbox 479 2481 574 2542; x_wconf 81' lang='lat' dir='ltr'><em>iuviti</em></span> <span class='ocrx_word' id='word_1_164' title='bbox 595 2477 760 2542; x_wconf 79' lang='lat' dir='ltr'><em>uidebant!</em></span> 
     </span>
     <span class='ocr_line' id='line_1_21' title="bbox 408 2579 1337 2650; baseline -0.001 -16"><span class='ocrx_word' id='word_1_165' title='bbox 408 2580 488 2634; x_wconf 84' lang='lat' dir='ltr'><em>ltom:</em></span> <span class='ocrx_word' id='word_1_166' title='bbox 509 2579 544 2632; x_wconf 87' lang='lat' dir='ltr'><em>ad</em></span> <span class='ocrx_word' id='word_1_167' title='bbox 563 2580 627 2633; x_wconf 85' lang='lat' dir='ltr'><em>fam.</em></span> <span class='ocrx_word' id='word_1_168' title='bbox 646 2579 728 2648; x_wconf 87' lang='lat' dir='ltr'><strong>V14,</strong></span> <span class='ocrx_word' id='word_1_169' title='bbox 747 2580 764 2633; x_wconf 75' lang='lat'>2</span> <span class='ocrx_word' id='word_1_170' title='bbox 783 2581 859 2650; x_wconf 85' lang='lat' dir='ltr'><em>(qaae</em></span> <span class='ocrx_word' id='word_1_171' title='bbox 877 2589 969 2646; x_wconf 81' lang='lat' dir='ltr'><em>tamea,</em></span> <span class='ocrx_word' id='word_1_172' title='bbox 988 2581 1030 2648; x_wconf 84' lang='lat' dir='ltr'><em>si),</em></span> <span class='ocrx_word' id='word_1_173' title='bbox 1050 2581 1143 2650; x_wconf 84' lang='lat' dir='ltr'><em>parad.</em></span> <span class='ocrx_word' id='word_1_174' title='bbox 1163 2581 1239 2634; x_wconf 88' lang='lat' dir='ltr'><em>stoio.</em></span> <span class='ocrx_word' id='word_1_175' title='bbox 1260 2580 1285 2633; x_wconf 90' lang='grc' dir='ltr'><strong><em>Π</em></strong></span> <span class='ocrx_word' id='word_1_176' title='bbox 1303 2581 1337 2634; x_wconf 88' lang='grc'><em>16</em></span> 
     </span>
     <span class='ocr_line' id='line_1_22' title="bbox 339 2670 886 2740; baseline 0 -17"><span class='ocrx_word' id='word_1_177' title='bbox 339 2671 394 2740; x_wconf 88' lang='lat' dir='ltr'><em>(qul</em></span> <span class='ocrx_word' id='word_1_178' title='bbox 412 2678 449 2723; x_wconf 89' lang='lat' dir='ltr'><em>tot</em></span> <span class='ocrx_word' id='word_1_179' title='bbox 466 2671 588 2722; x_wconf 87' lang='lat' dir='ltr'><em>uirtutum</em></span> <span class='ocrx_word' id='word_1_180' title='bbox 601 2709 607 2721; x_wconf 93' lang='lat'><strong>.</strong></span> <span class='ocrx_word' id='word_1_181' title='bbox 622 2710 627 2720; x_wconf 93' lang='lat'><strong><em>.</em></strong></span> <span class='ocrx_word' id='word_1_182' title='bbox 643 2708 649 2722; x_wconf 93' lang='lat'><strong><em>.</em></strong></span> <span class='ocrx_word' id='word_1_183' title='bbox 663 2670 791 2736; x_wconf 78' lang='lat' dir='ltr'><em>saraitata,</em></span> <span class='ocrx_word' id='word_1_184' title='bbox 811 2670 886 2737; x_wconf 84' lang='lat' dir='ltr'><em>sara).</em></span> 
     </span>
    </p>
   </div>
   <div class='ocr_carea' id='block_1_6' title="bbox 257 2799 1338 3615">
    <p class='ocr_par' dir='ltr' id='par_1_9' title="bbox 359 2799 1336 2885">
     <span class='ocr_line' id='line_1_23' title="bbox 359 2799 1336 2885; baseline 0.002 -23"><span class='ocrx_word' id='word_1_185' title='bbox 359 2799 435 2864; x_wconf 89' lang='lat' dir='ltr'><em>Duo</em></span> <span class='ocrx_word' id='word_1_186' title='bbox 460 2799 629 2863; x_wconf 83' lang='lat' dir='ltr'><em>enuntiata</em></span> <span class='ocrx_word' id='word_1_187' title='bbox 653 2799 738 2863; x_wconf 82' lang='lat' dir='ltr'><em>inter</em></span> <span class='ocrx_word' id='word_1_188' title='bbox 761 2808 869 2885; x_wconf 85' lang='lat' dir='ltr'><em>partes</em></span> <span class='ocrx_word' id='word_1_189' title='bbox 893 2799 1054 2863; x_wconf 81' lang='lat' dir='ltr'><em>enuntiati</em></span> <span class='ocrx_word' id='word_1_190' title='bbox 1068 2799 1199 2863; x_wconf 80' lang='lat' dir='ltr'><em>relativi</em></span> <span class='ocrx_word' id='word_1_191' title='bbox 1215 2801 1336 2884; x_wconf 88' lang='lat' dir='ltr'><em>posita:</em></span> 
     </span>
    </p>

    <p class='ocr_par' dir='ltr' id='par_1_10' title="bbox 257 2905 1338 3615">
     <span class='ocr_line' id='line_1_24' title="bbox 357 2905 1338 2992; baseline 0 -22"><span class='ocrx_word' id='word_1_192' title='bbox 357 2907 398 2970; x_wconf 86' lang='lat' dir='ltr'><em>do</em></span> <span class='ocrx_word' id='word_1_193' title='bbox 419 2906 472 2971; x_wconf 89' lang='lat' dir='ltr'><em>off.</em></span> <span class='ocrx_word' id='word_1_194' title='bbox 495 2905 522 2989; x_wconf 91' lang='lat' dir='ltr'><em>l,</em></span> <span class='ocrx_word' id='word_1_195' title='bbox 547 2905 624 2972; x_wconf 87' lang='lat'>108:</span> <span class='ocrx_word' id='word_1_196' title='bbox 664 2909 699 2970; x_wconf 88' lang='lat' dir='ltr'><em>ia</em></span> <span class='ocrx_word' id='word_1_197' title='bbox 726 2909 903 2992; x_wconf 71' lang='lat' dir='ltr'><em>primisque</em></span> <span class='ocrx_word' id='word_1_198' title='bbox 929 2919 1089 2970; x_wconf 83' lang='lat' dir='ltr'><em>versutum</em></span> <span class='ocrx_word' id='word_1_199' title='bbox 1124 2919 1152 2970; x_wconf 91' lang='lat' dir='ltr'><em>et</em></span> <span class='ocrx_word' id='word_1_200' title='bbox 1186 2907 1338 2970; x_wconf 86' lang='lat' dir='ltr'><em>callidum</em></span> 
     </span>
     <span class='ocr_line' id='line_1_25' title="bbox 257 3013 1338 3099; baseline 0 -22"><span class='ocrx_word' id='word_1_201' title='bbox 257 3013 389 3097; x_wconf 82' lang='lat' dir='ltr'><em>fastum</em></span> <span class='ocrx_word' id='word_1_202' title='bbox 412 3015 550 3093; x_wconf 83' lang='lat' dir='ltr'><em>Solouis,</em></span> <span class='ocrx_word' id='word_1_203' title='bbox 575 3017 641 3099; x_wconf 83' lang='lat' dir='ltr'><em>qui,</em></span> <span class='ocrx_word' id='word_1_204' title='bbox 671 3036 732 3097; x_wconf 91' lang='lat' dir='ltr'><em>quo</em></span> <span class='ocrx_word' id='word_1_205' title='bbox 761 3026 790 3078; x_wconf 92' lang='lat' dir='ltr'><em>et</em></span> <span class='ocrx_word' id='word_1_206' title='bbox 817 3017 912 3077; x_wconf 89' lang='lat' dir='ltr'><em>tutior</em></span> <span class='ocrx_word' id='word_1_207' title='bbox 935 3017 1001 3077; x_wconf 90' lang='lat' dir='ltr'><em>eius</em></span> <span class='ocrx_word' id='word_1_208' title='bbox 1024 3016 1091 3077; x_wconf 87' lang='lat' dir='ltr'><em>uita</em></span> <span class='ocrx_word' id='word_1_209' title='bbox 1115 3026 1192 3077; x_wconf 86' lang='lat' dir='ltr'><em>esset</em></span> <span class='ocrx_word' id='word_1_210' title='bbox 1214 3026 1243 3078; x_wconf 90' lang='lat' dir='ltr'><em>et</em></span> <span class='ocrx_word' id='word_1_211' title='bbox 1261 3015 1338 3099; x_wconf 83' lang='lat' dir='ltr'><em>plus</em></span> 
     </span>
     <span class='ocr_line' id='line_1_26' title="bbox 268 3119 1338 3207; baseline 0 -22"><span class='ocrx_word' id='word_1_212' title='bbox 268 3124 398 3185; x_wconf 89' lang='lat' dir='ltr'><em>...rei</em></span> <span class='ocrx_word' id='word_1_213' title='bbox 421 3120 571 3206; x_wconf 85' lang='lat' dir='ltr'><em>publicae</em></span> <span class='ocrx_word' id='word_1_214' title='bbox 593 3122 765 3205; x_wconf 87' lang='lat' dir='ltr'><em>prodesset,</em></span> <span class='ocrx_word' id='word_1_215' title='bbox 790 3119 906 3203; x_wconf 83' lang='lat' dir='ltr'><em>furere</em></span> <span class='ocrx_word' id='word_1_216' title='bbox 934 3142 965 3183; x_wconf 93' lang='lat' dir='ltr'><em>se</em></span> <span class='ocrx_word' id='word_1_217' title='bbox 992 3122 1169 3197; x_wconf 59' lang='lat' dir='ltr'><em>simulauit·</em></span> <span class='ocrx_word' id='word_1_218' title='bbox 1200 3120 1338 3207; x_wconf 87' lang='lat' dir='ltr'><em>Aliquid</em></span> 
     </span>
     <span class='ocr_line' id='line_1_27' title="bbox 268 3227 1336 3312; baseline -0.003 -18"><span class='ocrx_word' id='word_1_219' title='bbox 268 3229 392 3294; x_wconf 83' lang='lat' dir='ltr'><em>differt:</em></span> <span class='ocrx_word' id='word_1_220' title='bbox 417 3227 459 3292; x_wconf 84' lang='lat' dir='ltr'><em>sd</em></span> <span class='ocrx_word' id='word_1_221' title='bbox 475 3227 546 3292; x_wconf 80' lang='lat' dir='ltr'><em>Aa.</em></span> <span class='ocrx_word' id='word_1_222' title='bbox 565 3227 649 3291; x_wconf 91' lang='lat' dir='ltr'><em>XVI</em></span> <span class='ocrx_word' id='word_1_223' title='bbox 666 3228 698 3310; x_wconf 87' lang='lat'><em>3,</em></span> <span class='ocrx_word' id='word_1_224' title='bbox 722 3228 758 3292; x_wconf 90' lang='lat'><em>6:</em></span> <span class='ocrx_word' id='word_1_225' title='bbox 784 3231 849 3312; x_wconf 89' lang='lat' dir='ltr'><em>qui,</em></span> <span class='ocrx_word' id='word_1_226' title='bbox 875 3240 909 3291; x_wconf 91' lang='lat' dir='ltr'><em>ut</em></span> <span class='ocrx_word' id='word_1_227' title='bbox 926 3228 1105 3292; x_wconf 89' lang='lat' dir='ltr'><em>Blesamius</em></span> <span class='ocrx_word' id='word_1_228' title='bbox 1120 3231 1205 3292; x_wconf 84' lang='lat' dir='ltr'><em>veuit</em></span> <span class='ocrx_word' id='word_1_229' title='bbox 1220 3232 1263 3291; x_wconf 92' lang='lat' dir='ltr'><em>ad</em></span> <span class='ocrx_word' id='word_1_230' title='bbox 1278 3252 1336 3309; x_wconf 88' lang='lat' dir='ltr'><em>me,</em></span> 
     </span>
     <span class='ocr_line' id='line_1_28' title="bbox 267 3334 1338 3420; baseline -0.001 -20"><span class='ocrx_word' id='word_1_231' title='bbox 267 3359 337 3400; x_wconf 76' lang='lat' dir='ltr'><em>cura</em></span> <span class='ocrx_word' id='word_1_232' title='bbox 353 3338 383 3399; x_wconf 91' lang='lat' dir='ltr'><em>ei</em></span> <span class='ocrx_word' id='word_1_233' title='bbox 395 3335 429 3414; x_wconf 85' lang='lat' dir='ltr'><em>(i.</em></span> <span class='ocrx_word' id='word_1_234' title='bbox 447 3357 474 3398; x_wconf 86' lang='lat' dir='ltr'><em>o.</em></span> <span class='ocrx_word' id='word_1_235' title='bbox 492 3334 627 3412; x_wconf 79' lang='lat' dir='ltr'><em>Hieros)</em></span> <span class='ocrx_word' id='word_1_236' title='bbox 649 3336 884 3420; x_wconf 84' lang='lat' dir='ltr'><em>praescriptum</em></span> <span class='ocrx_word' id='word_1_237' title='bbox 900 3347 986 3416; x_wconf 82' lang='lat' dir='ltr'><em>esset,</em></span> <span class='ocrx_word' id='word_1_238' title='bbox 1008 3358 1047 3398; x_wconf 88' lang='lat' dir='ltr'><em>ue</em></span> <span class='ocrx_word' id='word_1_239' title='bbox 1069 3337 1148 3419; x_wconf 86' lang='lat' dir='ltr'><em>quid</em></span> <span class='ocrx_word' id='word_1_240' title='bbox 1163 3338 1230 3399; x_wconf 89' lang='lat' dir='ltr'><em>siue</em></span> <span class='ocrx_word' id='word_1_241' title='bbox 1248 3336 1338 3401; x_wconf 80' lang='lat' dir='ltr'><em>Sesti</em></span> 
     </span>
     <span class='ocr_line' id='line_1_29' title="bbox 266 3442 1338 3527; baseline -0.001 -20"><span class='ocrx_word' id='word_1_242' title='bbox 266 3447 370 3508; x_wconf 81' lang='lat' dir='ltr'><em>poetri</em></span> <span class='ocrx_word' id='word_1_243' title='bbox 384 3445 537 3507; x_wconf 76' lang='lat' dir='ltr'><em>sententio</em></span> <span class='ocrx_word' id='word_1_244' title='bbox 554 3455 669 3527; x_wconf 76' lang='lat' dir='ltr'><em>aperet,</em></span> <span class='ocrx_word' id='word_1_245' title='bbox 694 3463 794 3527; x_wconf 86' lang='lat' dir='ltr'><em>aeque</em></span> <span class='ocrx_word' id='word_1_246' title='bbox 810 3443 853 3505; x_wconf 92' lang='lat' dir='ltr'><em>ad</em></span> <span class='ocrx_word' id='word_1_247' title='bbox 868 3442 959 3505; x_wconf 88' lang='lat' dir='ltr'><em>illum</em></span> <span class='ocrx_word' id='word_1_248' title='bbox 973 3444 1133 3526; x_wconf 79' lang='lat' dir='ltr'><em>nequead</em></span> <span class='ocrx_word' id='word_1_249' title='bbox 1149 3465 1338 3527; x_wconf 81' lang='lat' dir='ltr'><em>quemquam</em></span> 
     </span>
     <span class='ocr_line' id='line_1_30' title="bbox 266 3550 560 3615; baseline -0.007 0"><span class='ocrx_word' id='word_1_250' title='bbox 266 3563 409 3615; x_wconf 85' lang='lat' dir='ltr'><em>uestrum</em></span> <span class='ocrx_word' id='word_1_251' title='bbox 431 3550 560 3614; x_wconf 85' lang='lat' dir='ltr'><em>rettulit.</em></span> 
     </span>
    </p>
   </div>
   <div class='ocr_carea' id='block_1_7' title="bbox 266 3763 1337 3956">
    <p class='ocr_par' dir='ltr' id='par_1_11' title="bbox 266 3763 1337 3956">
     <span class='ocr_line' id='line_1_31' title="bbox 356 3763 1337 3851; baseline 0.002 -24"><span class='ocrx_word' id='word_1_252' title='bbox 356 3763 388 3827; x_wconf 94' lang='lat' dir='ltr'><em>b.</em></span> <span class='ocrx_word' id='word_1_253' title='bbox 417 3763 750 3827; x_wconf 85' lang='lat' dir='ltr'><em>Ennuntistum</em></span> <span class='ocrx_word' id='word_1_254' title='bbox 778 3763 1098 3828; x_wconf 76' lang='lat' dir='ltr'><em>secundarium</em></span> <span class='ocrx_word' id='word_1_255' title='bbox 1124 3767 1337 3851; x_wconf 82' lang='lat' dir='ltr'><em>postponi</em></span> 
     </span>
     <span class='ocr_line' id='line_1_32' title="bbox 266 3878 436 3956; baseline 0 -22"><span class='ocrx_word' id='word_1_256' title='bbox 266 3878 436 3956; x_wconf 84' lang='lat' dir='ltr'><em>potest:</em></span> 
     </span>
    </p>
   </div>
   <div class='ocr_carea' id='block_1_8' title="bbox 266 3993 1340 4167">
    <p class='ocr_par' dir='ltr' id='par_1_12' title="bbox 266 3993 1340 4167">
     <span class='ocr_line' id='line_1_33' title="bbox 356 3993 1340 4080; baseline 0.002 -22"><span class='ocrx_word' id='word_1_257' title='bbox 356 3995 390 4058; x_wconf 91' lang='lat' dir='ltr'><em>in</em></span> <span class='ocrx_word' id='word_1_258' title='bbox 414 3994 507 4058; x_wconf 86' lang='lat' dir='ltr'><em>Verr.</em></span> <span class='ocrx_word' id='word_1_259' title='bbox 525 3994 546 4058; x_wconf 93' lang='lat' dir='ltr'><em>l.</em></span> <span class='ocrx_word' id='word_1_260' title='bbox 564 3994 609 4077; x_wconf 87' lang='lat' dir='ltr'><em>II,</em></span> <span class='ocrx_word' id='word_1_261' title='bbox 631 3993 691 4058; x_wconf 84' lang='lat'><em>53:</em></span> <span class='ocrx_word' id='word_1_262' title='bbox 732 3997 789 4077; x_wconf 89' lang='lat' dir='ltr'><em>qui</em></span> <span class='ocrx_word' id='word_1_263' title='bbox 822 3993 904 4057; x_wconf 87' lang='lat' dir='ltr'><em>baua</em></span> <span class='ocrx_word' id='word_1_264' title='bbox 938 4018 1002 4058; x_wconf 83' lang='lat' dir='ltr'><em>riou</em></span> <span class='ocrx_word' id='word_1_265' title='bbox 1033 3997 1236 4080; x_wconf 67' lang='lat' dir='ltr'><em>perdidisset,</em></span> <span class='ocrx_word' id='word_1_266' title='bbox 1273 4000 1340 4061; x_wconf 86' lang='lat' dir='ltr'><em>uisi</em></span> 
     </span>
     <span class='ocr_line' id='line_1_34' title="bbox 266 4102 637 4167; baseline 0.003 -1"><span class='ocrx_word' id='word_1_267' title='bbox 266 4105 297 4166; x_wconf 89' lang='lat' dir='ltr'><em>ei</em></span> <span class='ocrx_word' id='word_1_268' title='bbox 317 4105 450 4167; x_wconf 82' lang='lat' dir='ltr'><em>uouisset</em></span> <span class='ocrx_word' id='word_1_269' title='bbox 471 4102 637 4167; x_wconf 75' lang='lat' dir='ltr'><em>hereditas.</em></span> 
     </span>
    </p>
   </div>
   <div class='ocr_carea' id='block_1_9' title="bbox 0 0 1438 4762">
    <p class='ocr_par' dir='ltr' id='par_1_13' title="bbox 0 0 1438 4762">
     <span class='ocr_line' id='line_1_35' title="bbox 0 0 1438 4762; baseline 0 0"><span class='ocrx_word' id='word_1_270' title='bbox 0 0 1438 4762; x_wconf 95' lang='lat' dir='ltr'><em> </em></span> 
     </span>
    </p>
   </div>
  </div>
 </body>
</html>
