2866 4762
599 307 831 371 ——202—

265 489 296 566 d.
332 483 515 550 Subiecti
539 508 693 551 munere
723 487 763 550 in
788 485 991 550 enuntiato
1016 485 1250 550 secundario

177 591 326 656 obiecti
349 591 412 656 vel
436 593 622 658 attributi
645 595 685 657 in
710 594 912 658 enuntiato
936 592 1141 678 primario:

266 698 308 763 ad
325 699 402 764 fam.
415 699 468 764 IX
481 700 510 781 2,
528 704 560 764 1:
586 700 751 782 Caninius,
775 703 859 764 idem
883 713 954 764 tuus
978 713 1007 764 et
1028 703 1112 764 idern
1133 713 1250 779 noster,

177 829 246 869 cum
271 808 314 870 ad
337 829 384 870 me
403 811 589 893 pervesperi
606 813 739 873 uertisset
754 823 783 872 et
801 859 807 872 .
826 857 832 870 .
852 857 881 888 .,
907 809 979 871 dini
993 811 1023 871 ei
1037 831 1085 871 me
1101 810 1251 872 daturum

177 914 317 998 aliquid3
348 936 379 999 p.
397 914 480 979 Mur.
499 915 556 980 26:
591 917 730 981 Praetor
752 920 871 980 interea
898 938 936 978 ne
962 916 1131 1001 pulchrum
1159 938 1191 978 se
1215 938 1252 978 ac

178 1020 300 1084 beatum
325 1033 455 1107 putaret
483 1036 577 1108 atque
604 1026 729 1109 aliquid
756 1027 824 1110 ipse
847 1046 905 1087 sua
928 1006 1038 1109 s'ponte
1061 1023 1249 1107 loqueretur,

177 1131 207 1192 ei
222 1151 344 1213 quoque
360 1152 485 1194 carmen
502 1135 708 1216 compositum
725 1141 817 1195 estet
833 1154 863 1217 q.
881 1154 923 1212 sq
947 1130 990 1195 ad
1006 1129 1075 1194 Ait.
1089 1129 1175 1194 VIII
1194 1130 1249 1194 10:

176 1236 357 1321 Dionysius
387 1260 456 1300 cum
485 1239 529 1302 ad
555 1261 603 1302 me
621 1252 751 1324 praeter
780 1241 961 1323 opinionem
983 1261 1084 1301 meam
1107 1240 1249 1316 uertisset,

178 1344 299 1407 locutus
322 1367 390 1406 sum
415 1368 484 1408 cum
508 1368 542 1409 eo
567 1346 792 1410 liberalissime.

265 1493 294 1546 γ.
332 1467 489 1534 Obieeti
524 1493 680 1534 munere
715 1471 752 1534 in
783 1470 986 1534 enuntiato
1018 1470 1249 1534 secundario

177 1574 345 1639 subiecti
368 1577 405 1640 in
430 1579 630 1642 enuntiato
655 1579 854 1661 primario:

266 1682 351 1747 Phil.
369 1683 385 1747 I
405 1684 463 1748 18:
494 1685 546 1748 De
570 1684 703 1750 Caesare
725 1689 796 1769 ipso
820 1688 850 1748 si
872 1707 1048 1769 quaereres,
1073 1687 1251 1769 quidnam

177 1792 287 1872 egisset
316 1794 350 1853 in
380 1792 454 1855 urbe
478 1795 563 1855 etin
587 1805 670 1878 toea,
701 1793 780 1877 leoes
804 1793 920 1855 multas
943 1794 1147 1878 responderet
1169 1815 1201 1855 se
1224 1805 1252 1855 et

171 1899 361 1982 praeclaros
382 1900 499 1963 tulisse.

268 2024 296 2088 d.
335 2023 492 2089 Obiecti
521 2025 584 2089 vel
616 2025 801 2089 attributi
830 2046 987 2088 munere
1015 2025 1051 2087 in
1083 2035 1248 2110 utroque

177 2131 396 2195 enuntiato:

267 2237 308 2301 de
321 2238 373 2301 off.
388 2238 404 2300 I
419 2239 500 2303 112:
526 2238 640 2304 Catoni
650 2263 721 2302 cum
732 2239 949 2302 incredibilem
961 2238 1121 2302 tribuisset
1132 2251 1251 2302 natura

174 2347 363 2428 qraoitatem
458 2395 466 2424 ,
502 2347 700 2409 moriendum
727 2350 838 2431 potius
867 2368 963 2430 qnam
991 2349 1124 2430 tyranni
1144 2346 1249 2409 uultus

176 2454 380 2537 aspiciendus
387 2453 471 2534 fuit3
508 2452 551 2516 ad
561 2452 637 2516 fam.
651 2452 718 2516 XV
733 2455 783 2536 14,
800 2455 833 2516 1:
858 2455 904 2518 M.
917 2454 1057 2518 Fadium
1070 2455 1156 2538 quod
1170 2454 1251 2517 mibi

176 2563 313 2622 aruicum
325 2572 380 2623 tua
389 2563 654 2623 commendatione
664 2562 732 2643 das,
745 2561 868 2623 nullum
880 2564 914 2624 in
927 2562 1059 2644 eofacio
1069 2575 1248 2646 quaestum3

177 2665 219 2729 ad
232 2667 301 2730 Aa.
316 2666 386 2730 XII
399 2667 452 2749 36,
465 2667 501 2731 2:
526 2668 554 2730 A
560 2670 581 2730 cl
596 2668 734 2731 Brutum
750 2670 780 2731 si
794 2670 873 2752 quid
888 2667 1013 2748 scribes,
1031 2670 1097 2731 nisi
1111 2669 1250 2732 alienum

173 2773 315 2860 pertabis,
353 2774 517 2859 obiurqato
551 2798 629 2855 eum,
667 2778 752 2859 quod
785 2779 819 2838 in
849 2775 989 2840 Cumano
1018 2797 1082 2838 esse
1112 2776 1251 2840 noluerit

177 2894 210 2945 et
234 2905 307 2967 qs.
335 2880 520 2963 [a(b:A)].

270 3007 409 3071 Notatur
433 3007 572 3093 deniqne
595 3007 700 3071 forma
723 3008 756 3071 in
781 3029 845 3093 qua
868 3029 984 3071 nomen
1009 3007 1250 3072 substantivum

177 3127 209 3179 et
233 3114 393 3200 particula
415 3115 640 3179 coordinativa
664 3115 818 3178 occurrit:

267 3223 300 3285 in
313 3223 406 3287 Verr.
419 3222 438 3286 l.
450 3222 480 3285 V
493 3222 551 3286 55:
565 3221 653 3286 Nam
661 3227 766 3287 statim
775 3223 812 3286 L.
823 3222 966 3286 Metellus
979 3235 1013 3286 ut
1024 3225 1080 3285 isti
1090 3225 1248 3300 successit,

176 3354 214 3393 ea
242 3328 274 3394 C.
301 3329 484 3394 Sacerdotis
508 3343 535 3393 et
558 3353 596 3393 eu
622 3330 693 3394 Sec.
718 3332 881 3394 Peducaei
900 3331 1042 3392 instituto
1072 3351 1108 3391 ac
1137 3329 1251 3392 litteris

167 3436 370 3520 frumentum
409 3438 613 3527 Mamertinis.
643 3441 828 3523 imperauit3
868 3436 909 3501 de
932 3459 968 3500 re
991 3459 1023 3522 p.
1048 3435 1083 3499 II
1109 3435 1164 3499 17:
1202 3437 1251 3499 Ac

177 3546 330 3608 Romulus
354 3567 424 3608 cum
446 3558 563 3630 septem
588 3558 615 3608 et
638 3549 769 3629 triqinta
793 3547 984 3630 reonaoiss'et
1006 3567 1107 3607 annos
1131 3557 1160 3607 et
1174 3544 1252 3606 baec

177 3655 302 3735 eyreqia
330 3655 392 3715 diso
413 3654 616 3735 firrriomento
646 3656 694 3715 rei
719 3652 866 3737 publicae
885 3654 1070 3737 peperisset,
1102 3654 1252 3736 auspicia

177 3773 205 3822 et
228 3771 380 3839 senatum,
406 3771 526 3823 tantum
551 3773 595 3823 est
617 3772 808 3840 consecutus,
833 3771 877 3842 ut,
903 3782 973 3822 cum
996 3769 1029 3823 et
1045 3781 1075 3845 q.
1094 3781 1118 3823 e.

266 3920 320 3983 Ex
344 3921 461 4006 quibus
485 3921 645 4005 exemplis
669 3920 776 3985 elucet
798 3921 944 4006 profecto
968 3920 1051 3985 nihil
1074 3919 1251 4003 obstitisse,

177 4030 346 4114 quominus
359 4027 480 4093 similes
492 4029 976 4111 exsisterentconformationes,
990 4050 1062 4092 cum
1072 4049 1253 4112 pronomen

176 4135 348 4200 relativum
362 4149 560 4217 occurreret,
578 4137 685 4221 imma,
704 4159 746 4200 ex
758 4145 874 4200 natura
889 4135 1029 4218 relativi,
1047 4133 1133 4221 quod
1150 4135 1252 4199 etiam
