2866 4762
602 285 833 352 -159-

266 458 506 527 Formaa(b:A):

267 547 546 617 adAtt1X7A.,2:
565 567 582 600 3
605 566 653 618 quo
677 551 700 601 si
722 551 770 602 erit
798 549 867 602 nolis
894 551 1054 621 rescriptum,
1081 550 1167 602 statim
1195 566 1252 602 cum

177 639 289 704 sciemus,
316 639 353 690 ad
370 645 393 691 tc
411 638 546 690 scribemus
564 646 588 690 et
611 638 657 690 tibi
672 639 753 707 fidem
772 638 901 707 faciemus
924 656 969 691 nos
987 657 1018 691 ec
1042 638 1158 705 suadere,
1187 656 1251 707 quae

177 726 248 778 nobis
274 727 392 780 3111331313
420 735 478 780 tuoe
505 727 634 797 dapnitati,
662 744 713 778 non
743 725 860 780 Caesaris
886 728 990 793 rationi,
1026 745 1077 780 esse
1105 727 1249 794 utilissimum

178 815 292 884 (Balbus
311 822 339 870 st
357 815 461 886 Oppius
480 816 629 884 scribunt).

267 974 291 1028 2.
321 976 473 1030 Protasis
494 976 732 1047 complectitur
756 976 930 1031 enuntiata
955 975 1080 1031 diversi
1108 976 1251 1030 ordinis:

269 1083 419 1154 Apodosis:

266 1189 422 1256 Eiusdem
443 1189 583 1243 ordinis:

269 1277 303 1332 do
317 1296 355 1332 or.
368 1277 395 1331 H
408 1278 472 1332 196:
502 1278 590 1348 quidus
608 1279 721 1331 oriinibus
739 1278 829 1344 verbis,
848 1297 912 1349 quae
929 1298 946 1332 3
959 1298 997 1332 me
1014 1287 1067 1331 tum
1084 1288 1142 1331 sunt
1154 1279 1251 1346 habito,

177 1368 201 1420 si
218 1368 291 1420 dolor
319 1367 446 1436 ubfiuisset
463 1385 539 1433 cneus,
562 1385 611 1420 non
630 1367 703 1420 inodo
723 1384 772 1419 non
792 1367 941 1420 iniserulilis
958 1369 1003 1421 sed
1023 1370 1099 1421 etium
1117 1368 1251 1420 irridendo

172 1457 267 1526 fuisset
287 1457 369 1510 oratio
387 1475 451 1510 3133.

267 1545 334 1599 Post
351 1545 495 1599 relativum
514 1545 628 1599 alterum
645 1544 804 1599 relativum:

267 1634 367 1687 Timeo.
382 1653 403 1688 c.
419 1635 452 1688 11
463 1653 518 1688 exa
538 1633 571 1686 In
585 1634 673 1703 quibus
686 1636 730 1704 qui
742 1635 805 1687 tales
818 1634 980 1698 creabuntur,
995 1643 1021 1687 ut
1034 1635 1139 1687 deorum
1151 1635 1252 1686 intruer-

178 1724 268 1775 tnlium
286 1724 360 1794 quusi
374 1725 480 1794 perutiles
498 1740 548 1776 3333
571 1722 686 1789 debeant,
710 1723 791 1776 diuini
806 1724 906 1794 pencris
925 1724 1085 1794 appellentur
1104 1730 1252 1793 teneantque

179 1814 289 1865 orsinium
312 1813 479 1865 aniinantium
493 1813 670 1883 principatum
688 1811 804 1882 vobisque
816 1813 871 1865 iure
890 1821 914 1865 et
934 1813 986 1883 1393
1004 1815 1113 1866 volentes
1129 1819 1251 1883 pareunt.

269 1899 441 1954 Parenthosis
461 1901 532 1954 inter
549 1900 671 1971 protasin
691 1908 719 1954 31
738 1901 883 1971 apodosin:

269 1990 303 2044 ad
316 1989 378 2044 fam.
392 1990 416 2042 V
429 1990 472 2057 21,
486 1990 514 2042 2:
544 1991 586 2042 cui
603 1991 654 2043 nisi
671 1990 800 2043 invidisset
823 1992 852 2056 is,
877 2008 948 2059 quem
966 1997 993 2042 tu
1012 2008 1141 2059 33333333
1159 1991 1253 2042 assuesti

180 2111 213 2120 -
233 2099 271 2134 nie
289 2082 355 2132 enim
373 2079 532 2147 ornabas-
552 2089 576 2132 31
594 2080 646 2150 ipse
666 2080 753 2132 lentus
771 2087 832 2133 esset
850 2088 874 2133 et
892 2097 975 2132 omnes
994 2079 1059 2131 bosri.

267 2204 401 2258 Diversi
421 2203 564 2258 ordinis:

269 2293 517 2361 331Α11.119,10;
546 2296 573 2346 in
592 2312 640 2364 quo
658 2296 681 2346 si
699 2296 761 2365 quid
778 2297 835 2361 erit,
864 2297 931 2364 qitod
948 2294 1043 2345 leontini
1061 2292 1146 2346 Attico
1170 2294 1252 2344 titinius

180 2382 307 2436 &cecum
319 2384 492 2453 eruditumque
504 2382 631 2449 uidentur,
644 2401 694 2435 non
707 2384 791 2436 dicem
805 2384 872 2454 quiod
884 2384 936 2450 tibi,
956 2392 984 2435 ut
1001 2383 1100 2453 opinor.
1113 2381 1253 2434 Panhormi

179 2472 300 2525 Lucullus
318 2474 350 2525 de
367 2474 419 2525 suis
436 2473 548 2524 historiis
567 2472 678 2538 dixerut,
698 2491 732 2539 sc,
752 2491 800 2542 qim
815 2472 924 2541 facilius
938 2473 995 2524 illus
1007 2471 1129 2542 preberet
1141 2471 1253 2524 Roiiuoni

178 2562 286 2614 limniuis
304 2580 362 2627 3333,
382 2562 477 2614 idcirco
498 2562 611 2613 barbaro
631 2562 757 2630 quaedum
775 2571 799 2614 et
818 2560 926 2615 σόλοικα
945 2562 1098 2631 dispersisse.

272 2650 409 2721 Apodosis
428 2650 494 2704 facit
512 2650 763 2719 interrogationem:

268 2758 295 2810 p.
308 2739 389 2794 Rosc.
403 2758 425 2793 c.
438 2739 485 2793 45:
516 2739 623 2809 quodsi
636 2739 714 2807 fucit,
739 2758 789 2808 quin
808 2739 965 2809 impudentia
989 2748 1032 2805 331,
1061 2757 1148 2791 cristine
1167 2746 1251 2791 testem

180 2828 341 2899 improbabit,
361 2847 432 2897 quem
450 2829 556 2881 'iudicem
574 2827 709 2897 probarit?

268 2953 309 3006 Et
328 2951 475 3006 eiusdem
494 2957 527 3005 31
546 2950 671 3005 diversi
691 2950 830 3005 ordinis:

251 3043 285 3096 de
299 3040 424 3096 onlbl:
453 3041 548 3104 Quibus
566 3059 619 3110 epo,
644 3048 671 3093 ut
690 3042 721 3093 de
739 3040 777 3092 lu's
795 3040 870 3093 relius
956 3041 1090 3105 disserent,
1119 3059 1175 3093 cum
1194 3058 1251 3092 con-

180 3149 284 3190 cessero,
305 3131 369 3184 illud
383 3138 467 3183 131333
480 3131 579 3183 oratori
587 3129 698 3183 tribuam
710 3138 734 3182 31
747 3128 821 3195 dubo,
840 3138 868 3182 ut
880 3130 975 3194 eudem,
989 3130 1020 3182 de
1033 3129 1121 3198 quibus
1134 3130 1189 3181 illi.
1203 3169 1208 3181 .
1225 3171 1230 3184 .
1244 3170 1250 3180 .

180 3223 320 3292 disputant,
339 3222 380 3273 nte
399 3238 455 3272 ceum
474 3220 542 3271 cmm
557 3220 685 3290 prot-itote
704 3227 728 3271 et
746 3219 902 3272 'iucunditate
921 3220 1037 3289 eupilicet.

269 3382 294 3435 3.
322 3379 473 3433 Protasis
506 3378 747 3448 complectitur
778 3379 951 3432 enuntiata
980 3385 1011 3432 31
1042 3378 1189 3432 eiusdem
1221 3386 1252 3432 et

181 3469 306 3524 divorsi
326 3468 466 3522 ordinis:

270 3567 419 3638 Apodosis:

270 3673 426 3727 Eiusdem
447 3670 587 3727 ordinis:

270 3763 347 3816 Tusc.
362 3762 431 3831 disp.
445 3761 467 3812 V
482 3760 532 3813 63:
562 3777 669 3828 quorum
688 3779 743 3813 cum
762 3761 871 3814 alterum
888 3761 978 3813 vadem
1001 3762 1089 3813 intortis
1107 3763 1251 3832 accepisset,

179 3855 254 3913 oller,
277 3861 305 3906 ut
323 3852 413 3905 vadem
431 3869 503 3903 suum
523 3848 650 3914 liberaret,
670 3859 776 3919 praesto
791 3849 885 3917 fuisset
908 3851 946 3901 (ud
962 3851 1052 3901 luorum
1076 3851 1163 3902 mmtis
1182 3852 1253 3903 ‹listi-

181 3950 276 4008 nutam,
298 3941 422 4006 „Utinam
441 3943 501 4009 epo“
522 3938 612 4006 iuquit,
633 3940 739 4003 „tertius
757 3938 826 3991 33113
844 3939 940 3991 (rusticus
959 3938 1149 3991 adscriber·er!“

269 4029 404 4083 Diversi
424 4026 565 4081 ordinis:

269 4119 297 4171 in
310 4119 368 4174 Cat.
382 4116 481 4170 11111:
501 4116 551 4178 Qiu
563 4134 619 4169 cum
633 4116 670 4168 illi
683 4115 790 4168 tuentur
803 4125 995 4186 coiistonterque
1007 4119 1194 4188 respondissent
1203 4137 1253 4189 per
