2866 4762
399 979 665 1079 Conspectus
696 977 850 1080 operis

91 1315 265 1369 Praefatio
305 1354 1071 1368 ..................
1120 1256 1160 1369 pg't

563 1459 638 1511 Pars
656 1458 681 1514 Ι.

90 1565 279 1634 Disponnntur
297 1572 324 1618 et
343 1571 493 1618 tractantur
510 1565 563 1618 loci
583 1565 629 1635 qui
647 1571 702 1618 tres
721 1571 869 1618 structuras
888 1563 1016 1618 exhibent
1038 1564 1161 1618 13-162

89 1671 198 1741 Caput
216 1672 240 1724 1:
269 1671 311 1724 De
331 1671 398 1725 locis
417 1671 464 1742 qui
483 1678 645 1725 structuram
664 1671 678 1724 I
695 1672 847 1742 praebent.
884 1711 892 1725 .
930 1713 936 1724 .
974 1712 981 1724 .
1037 1673 1106 1725 14-
1125 1672 1161 1725 54

160 1761 314 1814 Pronomen
333 1759 476 1814 relativum
496 1760 605 1813 effertur
624 1779 699 1813 casu:

249 1849 423 1904 Numinativo
435 1889 1067 1903 ...............
1124 1851 1159 1903 15

252 1938 384 1992 Genetivo
436 1978 1069 1991 ...............
1124 1938 1160 1992 29

249 2027 349 2081 Dativo
392 2067 1069 2082 ................
1125 2026 1158 2080 31

250 2117 413 2171 Accusativo
438 2156 1069 2170 ...............
1125 2116 1161 2170 34

251 2205 378 2260 Abletivo
394 2246 1069 2260 ................
1124 2206 1161 2260 40

158 2329 335 2382 Enuntiatum
355 2329 543 2383 secundarium
556 2337 597 2384 est
610 2332 779 2385 enuntiatum
796 2331 995 2385 substantivum
1011 2331 1053 2385 vel

197 2419 372 2489 interrogatio
393 2419 504 2489 obliqua
527 2459 1070 2473 .............
1125 2420 1161 2472 42

160 2545 328 2614 Conspectus
347 2545 467 2599 omnium
487 2544 732 2599 conformatiunum
751 2544 928 2599 structuraeI
975 2585 981 2597 .
1019 2585 1025 2596 .
1064 2584 1070 2596 .
1126 2543 1161 2598 49

160 2669 265 2722 Tabula
302 2708 532 2721 ......
557 2728 563 2743 .
572 2708 1070 2722 ............
1125 2667 1161 2721 54

89 2795 196 2863 Caput
214 2793 252 2846 H:
282 2795 325 2846 De
344 2793 411 2848 lucis
431 2794 476 2863 qui
496 2799 657 2847 structuram
676 2792 703 2846 ΙΙ
723 2792 851 2848 exhibent
885 2834 892 2846 .
929 2835 935 2847 .
975 2834 981 2845 .
1037 2792 1162 2846 55-100

160 2885 185 2936 1.
212 2883 366 2937 Pronomen
390 2883 533 2936 relativum
558 2901 612 2937 non
636 2889 724 2935 mutat
742 2901 835 2936 casum
858 2901 936 2936 snum
954 2890 1035 2952 atque

213 2974 323 3026 effertur
342 2992 418 3026 casu:

252 3063 427 3117 Nominativo
439 3102 1071 3116 ...............
1126 3060 1161 3115 56

251 3151 383 3204 Genetivo
436 3191 1071 3205 ...............
1126 3152 1161 3204 68

248 3241 349 3294 Dativu
392 3281 1070 3294 ................
1125 3240 1161 3294 69

248 3330 411 3384 Accusativo
436 3369 1069 3383 ...............
1124 3328 1159 3381 ‘il

249 3418 378 3472 Ablativc

160 3525 185 3577 2.
213 3525 366 3580 Pronomen
387 3527 530 3580 relativum
548 3533 636 3580 mutat
655 3545 747 3580 casum
766 3545 857 3581 suum:
947 3516 949 3520 ’

117 3650 119 3654 v
214 3632 237 3665 a.
266 3614 319 3666 Prc
339 3633 403 3668 casu
422 3615 537 3669 subiecti
556 3634 648 3669 casum
669 3615 768 3669 obiecti
786 3622 832 3669 aut
849 3615 973 3672 attributi
990 3615 1072 3669 sumit
1126 3613 1160 3666 Π

214 3703 239 3755 5.
268 3703 321 3757 Pro
342 3722 406 3757 casu
425 3704 524 3758 obiecti
544 3712 591 3759 aut
609 3704 732 3758 attributi
749 3705 831 3759 sumit
848 3724 940 3759 casnm
957 3704 1072 3758 subiecti
1126 3702 1161 3755 85

214 3810 236 3844 c.
265 3792 318 3846 Pro
349 3812 413 3846 casu
443 3794 566 3848 attributi
595 3801 642 3847 ant
670 3794 769 3848 obiecti
797 3795 929 3848 enuntiati
951 3793 1072 3865 primarii

267 3883 349 3936 sumit
361 3901 453 3936 casum
467 3884 566 3938 obiecti
579 3891 626 3938 ant
640 3884 762 3938 attributi
775 3885 908 3939 enuntiati
920 3883 1073 3938 secundarii
1126 3882 1161 3936 90

162 4008 330 4079 Conspectus
351 4010 470 4063 emnium
490 4009 734 4064 conformationum
754 4016 903 4065 structurae
921 4009 946 4062 ΙΙ
976 4051 982 4062 .
1021 4051 1026 4062 .
1065 4050 1070 4060 .
1127 4007 1161 4061 93

160 4133 264 4186 Tabula
304 4172 1071 4187 ..................
1127 4132 1161 4186 99
