2866 4762
526 312 563 321 -
613 279 677 344 185

319 456 349 519 2.
376 454 548 520 Sententia
565 466 767 540 magnopere
791 466 945 522 mutatur.

193 562 310 647 Itaque
333 562 366 625 in
391 574 554 628 structura
570 564 621 626 ΙΠ
644 563 740 629 aliter
761 587 813 628 res
837 587 872 628 se
895 565 995 629 habet
1018 573 1117 651 atque
1141 566 1175 629 in

103 677 270 733 structura
292 668 342 733 II:
888 673 890 676 ’

264 798 374 862 quem
404 799 487 841 cum
516 778 769 862 impedirent,
799 780 952 844 restitit

103 884 137 946 in
161 905 226 968 qua
249 883 327 968 quia
350 884 438 948 notio
454 883 586 948 relativi
609 886 642 948 in
666 895 804 971 utroque
828 887 997 951 enuntiato
1021 887 1174 970 occurrit,

104 990 201 1055 facile
230 1002 263 1054 et
286 1001 375 1054 recte
400 1000 432 1054 et
456 992 525 1055 sine
550 993 731 1056 sententiae
755 995 933 1057 mutatione
957 994 1132 1058 relativum
1156 1017 1176 1057 a

106 1098 208 1162 verbo
233 1098 426 1163 secundario
451 1098 578 1182 diiungi
603 1109 722 1181 potest:

264 1206 342 1291 qui,
372 1227 456 1270 cum
485 1228 568 1270 eum
597 1207 847 1291 impedirent,
876 1207 1036 1271 restitit.

193 1311 258 1376 Sed
283 1312 323 1376 de
348 1313 462 1377 eadem
486 1336 521 1377 re
545 1313 625 1378 alias
649 1314 743 1398 plura
767 1337 940 1399 exponam.

195 1420 241 1484 Ut
275 1421 341 1484 iam
377 1421 521 1486 diximus
549 1422 634 1486 hano
662 1423 893 1507 implicationis
922 1423 1106 1507 opinionem
1135 1422 1174 1484 R.

106 1527 313 1611 Kuehnerus‚
339 1529 459 1614 Menge
484 1544 516 1593 et
538 1530 691 1614 permulti
715 1531 770 1594 alii
794 1531 891 1595 hodie
916 1531 1118 1615 profitentur.

400 1815 457 1886 μ.
482 1818 525 1871 Do
543 1817 668 1886 rellquts
688 1817 883 1886 optnlonlbus.

196 1947 265 2011 Eae
294 1948 531 2031 explicationes
556 1949 597 2012 de
625 1947 745 2032 quibus
769 1948 937 2032 hucusque
962 1948 1175 2011 tractavimus

104 2079 124 2119 a
154 2055 302 2138 plurimis
329 2056 410 2119 viris
442 2056 547 2119 doctis
576 2067 732 2139 acceptae
760 2064 845 2119 sunt.
877 2088 915 2098 -
950 2054 1015 2119 Sed
1043 2054 1176 2118 fuerunt

104 2162 253 2227 nonnulli
275 2164 362 2248 iique
384 2165 480 2247 pauci
504 2164 561 2248 qui
586 2163 683 2227 aliam
708 2164 959 2246 ingrederentur
987 2160 1176 2246 explicandi

104 2272 201 2334 viam.
227 2306 271 2314 -
296 2271 411 2355 Itaque
435 2270 461 2333 I.
484 2270 526 2333 H.
552 2270 797 2336 Schmalzius
821 2270 861 2334 de
878 2275 1045 2334 structura
1060 2269 1114 2332 HI
1130 2269 1174 2332 ita

104 2379 269 2458 opinatur:
297 2378 380 2459 „Mit
403 2379 509 2442 einem
526 2377 728 2443 Relativsatz
743 2379 834 2442 kann
858 2377 943 2443 noch
968 2379 1019 2440 ein
1044 2377 1177 2440 aweiter

107 2485 343 2568 „Relativsatz‚
369 2486 421 2548 ein
450 2486 727 2570 Konjunktional-
751 2486 831 2550 oder
853 2487 1031 2569 Fragesatz
1057 2533 1116 2548 ...
1142 2485 1175 2546 in

107 2592 346 2677 „Verbindung
373 2601 492 2672 trcten3
525 2615 552 2657 z.
578 2593 616 2657 B.
646 2603 759 2657 contra
793 2615 890 2678 quem
926 2593 982 2678 qui
1011 2593 1176 2655 exercitus

106 2701 252 2783 „ducunt
264 2710 342 2780 cet3
367 2722 452 2784 quae
464 2701 542 2785 quia
558 2722 623 2764 non
640 2699 732 2764 vides
751 2697 833 2763 cet.“
860 2698 1007 2781 (Handb.
1026 2699 1057 2763 d.
1074 2699 1174 2762 klass.

104 2807 223 2882 Altert.
248 2807 280 2871 J.
304 2805 435 2889 Mu'ller,
461 2807 505 2889 Π,
532 2809 553 2870 2
577 2830 607 2892 p.
632 2806 722 2885 469).

193 2913 380 2978 Secundum
406 2915 475 2978 eius
499 2915 657 2979 iudicium
686 2914 892 2978 enuntiatum
915 2912 1020 2978 velut:

265 3030 403 3089 contra
426 3044 537 3106 quem
560 3023 626 3107 qui
650 3023 866 3086 exercitum
891 3021 1041 3084 ducunt

103 3138 231 3193 constat
270 3152 313 3193 ex
352 3128 480 3193 duobus
516 3130 693 3193 enuntiatis
728 3128 890 3210 relativis3
927 3150 1064 3213 quorum
1100 3150 1174 3192 cum

104 3236 243 3300 alterum
270 3235 397 3301 scilicet
425 3246 474 3301 est
497 3238 562 3322 qui
587 3237 801 3301 exercitum
827 3237 990 3319 ducunt,
1014 3244 1124 3304 restat,
1139 3245 1175 3299 ut

104 3343 242 3408 alterurn
278 3344 389 3414 verbis
424 3354 559 3408 contra
587 3367 698 3430 quem
726 3345 946 3424 contineatur3
977 3344 1113 3407 fortasse
1141 3343 1174 3406 id

100 3451 251 3542 *intellegi
287 3461 406 3536 potest,
443 3474 518 3516 cum
552 3453 711 3516 rationem
740 3451 997 3533 consideramus,
1027 3473 1092 3535 qua
1119 3449 1175 3514 ille

104 3561 273 3631 enuntiata
286 3559 425 3624 relativa
437 3561 471 3623 in
484 3561 674 3623 universum
687 3559 846 3643 explicat:
867 3560 952 3635 „Die
968 3558 1176 3641 Entstehung

104 3666 161 3730 des
195 3666 449 3731 Relativsatzes:
485 3667 559 3731 Ter.
595 3667 726 3732 Phorm.
762 3666 842 3730 947:
879 3678 1054 3750 arpentum,
1091 3667 1177 3749 quod

103 3774 213 3855 liabeo,
251 3777 465 3838 condonamus
499 3788 527 3838 te
558 3774 666 3839 haben
702 3775 761 3837 wir
789 3797 850 3838 uns
882 3796 917 3837 so
951 3797 992 3851 zu
1028 3773 1174 3836 denken:

104 3891 286 3967 argentum,
318 3883 404 3968 quod
437 3883 631 3966 argentum?
659 3882 774 3946 habes!
805 3881 1026 3946 condonamus
1065 3890 1107 3964 te,
1133 3916 1175 3924 —

104 3990 135 4054 d.
152 3989 184 4053 h.
202 3989 261 4054 der
277 3989 485 4074 Sprechende
502 3989 653 4073 beginnt:
679 3998 884 4073 argentum
893 4038 901 4070 ‚
920 3983 955 4052 er
970 3987 1052 4051 wird
1068 4002 1176 4052 unter-

106 4096 264 4162 brochen:
295 4097 394 4183 quod
423 4097 649 4182 argentum?
680 4106 853 4161 antwortet
884 4096 1013 4160 darauf:
1043 4095 1174 4160 habes!
