2866 4762
513 286 750 349 —191—

94 465 361 549 interrogativam
378 473 434 527 aut
450 486 628 547 pronomen
644 463 828 547 relativum,
855 463 939 528 unde
963 463 1168 526 enuntiatum

93 572 320 638 secundarium
345 572 488 655 incipere
512 570 604 636 solet.

182 680 213 744 3.
250 680 363 743 Tertia
397 678 539 764 denique
567 701 611 742 ex
642 677 752 742 verbis
781 678 976 742 Deventieri
1000 700 1065 741 non
1089 679 1168 743 satis

94 799 204 872 aperte
237 785 384 869 intellegi
420 795 540 869 potest,
574 785 695 871 qnippe
729 786 785 870 qui
821 785 872 849 his
906 794 1013 848 utatur
1041 785 1166 849 verbis:

96 891 313 976 „Schliesslich
341 895 383 957 ist
411 891 494 957 auch
522 892 607 955 noch
631 892 690 955 der
713 891 876 956 Umstand
900 892 934 955 in
950 892 1108 957 Betracht
1128 914 1168 955 zu

97 1001 239 1084 ,ziehen,
276 998 338 1065 dass
367 1001 411 1064 im
432 999 663 1064 Leteinischen
691 1001 744 1064 ein
776 1000 913 1082 Nomen,
949 998 1089 1064 welches
1114 1000 1167 1064 bei

98 1110 222 1192 „einem
246 1130 303 1173 aus
319 1106 628 1172 vorausstehendem
647 1106 939 1191 untergeordneten
963 1107 1028 1171 und
1044 1107 1166 1191 folgen-

97 1216 189 1292 ,dem
214 1215 499 1299 fibergeordneten
524 1213 621 1279 Satze
645 1213 865 1278 bestehenden
888 1213 1085 1298 Satzgeftige
1108 1237 1168 1277 vor

98 1324 175 1406 „der
196 1322 427 1406 Konjunktion
451 1344 493 1385 an
517 1322 576 1386 der
600 1320 710 1406 Spltze
731 1321 788 1386 des
806 1321 940 1385 Ganzen
958 1321 1052 1403 steht,
1077 1321 1168 1385 nicht

97 1429 305 1513 „notwendig
339 1430 372 1493 in
408 1427 597 1492 demselben
634 1427 736 1493 Casus
772 1451 811 1492 zu
840 1427 959 1492 beiden
985 1428 1103 1492 Satzen
1128 1451 1168 1492 zu

97 1537 259 1621 „geheren
272 1535 419 1619 braueht,
433 1536 575 1600 sondern
588 1535 687 1599 allein
700 1535 786 1599 nach
800 1535 874 1599 dem
882 1534 1165 1600 voranstehenden

99 1644 322 1726 „Nebensatze
346 1644 548 1707 konstruiert
570 1643 702 1707 werden
726 1643 826 1720 kann,
856 1643 962 1708 wobei
986 1642 1074 1707 dann
1098 1655 1167 1707 ent-

98 1751 234 1834 ‚,weder,
271 1752 333 1814 wie
365 1751 399 1814 in
428 1751 502 1814 dem
531 1750 627 1815 Satze
656 1749 778 1815 Caesar
813 1772 886 1814 cum
915 1749 958 1814 ab
981 1750 1074 1814 hoste
1102 1773 1167 1814 non

97 1859 253 1944 „amplius
284 1880 435 1944 passuum
465 1858 535 1922 XII
563 1858 695 1923 milibus
724 1858 862 1941 abesset,
900 1869 935 1920 ut
958 1867 1028 1923 erat
1051 1859 1167 1923 consti-

97 1977 231 2050 „tutum,
248 1966 289 2030 ad
307 1988 380 2029 eum
396 1965 497 2050 legati
513 1977 720 2029 revertuntur
738 1964 843 2042 (Caes.
858 1966 895 2029 Β.
909 1965 995 2030 Gall.
1008 1967 1039 2048 4,
1056 1968 1107 2048 11,
1123 1965 1166 2048 1),

97 2076 169 2156 ,ein
193 2075 495 2138 Demonstrativum
519 2074 552 2136 in
577 2073 640 2138 den
657 2073 833 2157 folgenden
850 2072 926 2138 Sata
942 2085 1049 2137 treten
1065 2074 1166 2154 kann,

97 2181 205 2266 „oder,
242 2182 302 2245 wie
337 2183 371 2245 in
405 2182 560 2245 Romanis
595 2182 656 2245 etsi
691 2183 820 2267 quietae
847 2204 899 2246 res
922 2182 1166 2265 nuntiabantur,

98 2302 226 2372 „tamen
260 2299 368 2353 castra
402 2288 602 2371 muniebant,
638 2288 809 2372 Liv.5,1,
841 2289 899 2353 der
927 2291 1036 2374 notige
1065 2289 1167 2355 Casus

97 2421 174 2479 „aus
191 2398 265 2462 dem
282 2397 559 2481 vorangestellten
572 2398 716 2482 Begriffe
730 2407 864 2482 erganzt
877 2398 1009 2462 werden
1022 2396 1106 2462 muss.
1124 2433 1167 2440 -

97 2506 229 2588 „Durch
258 2507 331 2570 eine
359 2505 470 2569 solche
498 2505 654 2583 Freiheit,
692 2505 744 2569 die
776 2505 953 2591 allerdings
982 2507 1055 2569 eine
1083 2505 1169 2570 Aus-

98 2613 235 2694 „nahme
270 2612 383 2695 bildet‚
419 2613 554 2677 worden
583 2613 666 2677 auch
697 2613 749 2676 die
778 2612 928 2697 gleiehen
952 2612 1169 2677 Relativkon·

99 2720 334 2804 „stroktionem
359 2720 428 2784 also
452 2721 508 2806 qui
532 2742 605 2784 com
629 2720 768 2801 abesset,
793 2719 834 2783 ad
852 2742 925 2783 eum
941 2719 1042 2804 legati
1057 2743 1166 2785 rever-

98 2839 229 2909 „tuntur
273 2827 340 2892 und
384 2827 502 2913 quibus
546 2828 626 2892 etsie
669 2828 797 2913 quietae
840 2849 892 2890 res
935 2827 1169 2891 nuntiabantur

96 2952 204 3000 tamen
227 2948 355 3019 ,castra
377 2935 578 3018 muniebant,
603 2958 628 2999 s.
650 2935 784 3020 Zumpt⁵
801 2957 830 3019 p.
849 2930 945 2998 803.“
971 2970 1011 2978 -
1029 2935 1094 3019 (op.
1112 2933 1165 2998 all.

95 3064 125 3127 r·
145 3039 211 3120 15.)

185 3150 223 3213 In
234 3148 771 3236 quibusDevantierusZumptium
782 3172 919 3235 sequens
928 3159 1120 3214 structuram
1132 3149 1167 3212 II

96 3256 254 3322 similibus
289 3256 456 3342 explicare
479 3256 551 3320 vult
585 3257 906 3341 conformationibus
937 3280 1020 3343 quae
1048 3279 1166 3321 nomen

97 3363 336 3429 substantivum
370 3387 429 3449 pro
457 3363 596 3429 relativo
626 3365 798 3449 praebent,
833 3365 895 3428 hoc
923 3367 956 3429 in
981 3365 1167 3430 universum

95 3480 184 3536 reete
208 3471 349 3558 quidem,
379 3471 437 3536 sed
466 3472 602 3537 obscure
631 3482 664 3536 et
692 3495 757 3535 non
786 3495 829 3536 ex
853 3474 941 3536 omni
965 3484 1056 3557 parte
1079 3485 1167 3536 reete

96 3577 234 3661 dietum,
273 3580 383 3664 itaque
429 3579 651 3643 desideramus
695 3579 819 3664 aliquid
857 3581 889 3643 in
935 3580 1167 3644 sententiarum

95 3707 233 3766 conexu,
258 3708 334 3750 nam
359 3708 470 3750 sensus
494 3675 679 3771 posterioris
703 3688 820 3772 partis:
860 3687 1020 3769 „sondern
1045 3683 1162 3751 allein“

96 3807 128 3857 et
156 3816 187 3879 q.
210 3817 235 3858 s.
276 3817 341 3857 non
378 3793 554 3879 respondet
594 3795 649 3877 eie,
687 3817 770 3879 quoe
805 3793 1016 3859 antecedunt:
1059 3795 1169 3877 „nieht

96 3901 284 3985 notwendig
319 3936 363 3945 —
397 3897 571 3980 braucht“;
612 3911 686 3987 post
732 3923 814 3986 quae
855 3911 1065 3986 exspectatur
1103 3894 1168 3966 tale

93 4008 233 4094 aliquid:
257 4009 398 4073 sondern
415 4010 449 4072 in
470 4008 727 4073 verschiedenen
744 4009 868 4090 Kasos,
884 4009 918 4072 in
936 4009 1057 4073 diesem
1074 4007 1168 4074 Falle

94 4115 185 4182 kann
214 4139 248 4181 es
276 4113 310 4198 (i.
333 4140 359 4181 e.
385 4117 443 4182 das
467 4117 607 4195 Nomen)
636 4117 727 4181 nieht
751 4116 926 4182 fakultativ
951 4119 1036 4182 nach
1061 4119 1166 4182 einem
