2866 4762
621 887 746 976 Caput
768 887 817 957 II.

272 1053 312 1116 in
348 1052 409 1118 hoc
437 1054 545 1138 capite
569 1053 722 1139 exempla
750 1055 883 1118 afferam
908 1063 940 1118 et
964 1054 1134 1141 disponam
1157 1065 1258 1141 etque

181 1160 339 1244 tractabo,
364 1183 448 1246 quae
475 1182 652 1245 pronomen
672 1161 847 1226 relativum
869 1184 943 1226 cum
966 1163 1115 1227 nuntiato
1144 1186 1257 1228 secun·

179 1269 273 1333 derio
297 1270 508 1333 coniunctum
533 1267 701 1333 exhibent.

271 1375 380 1440 Locus
404 1375 522 1459 aliquis
547 1384 730 1439 structurae
754 1376 771 1439 I
795 1374 886 1440 velut
910 1375 978 1441 hic:

271 1482 311 1547 de
328 1482 413 1546 dom.
434 1482 511 1546 139:
543 1485 609 1566 qui,
640 1505 710 1544 cum
738 1504 808 1545 eum
832 1484 925 1546 multi
947 1496 1081 1569 propter
1102 1486 1257 1548 invidiam

171 1591 260 1670 fietis
283 1589 490 1673 reliqionibus
513 1591 713 1674 impedirent,
739 1591 869 1666 restitit,-

178 1718 255 1760 cum
280 1705 443 1761 structura
467 1697 501 1759 Π
524 1697 656 1779 utimur,
681 1696 734 1760 fit:

272 1826 382 1889 quem
408 1826 490 1868 cum
515 1802 632 1867 multi
656 1825 687 1888 p.
713 1804 760 1866 in.
785 1804 1033 1889 impedirent,
1059 1805 1217 1869 restitit.

271 1910 415 1992 Scilicet,
440 1933 617 1995 pronomen
634 1910 810 1975 relativum
833 1913 1044 1996 coniungitur
1064 1934 1138 1976 cum
1155 1934 1255 1976 enun-

179 2021 260 2083 tiato
284 2018 532 2099 secundario3
569 2041 634 2104 qua
657 2041 691 2082 re
715 2019 762 2098 fit,
792 2027 829 2082 ut
851 2018 1025 2083 relativum
1050 2020 1253 2083 enuntiatum

178 2125 223 2189 ab
240 2124 342 2189 altero
359 2126 511 2211 pendeat,
537 2135 569 2189 et
592 2148 656 2189 non
674 2125 715 2189 ab
732 2124 787 2189 illo
804 2125 952 2209 alterum,
978 2135 1014 2190 ut
1034 2126 1067 2190 in
1091 2135 1255 2191 structura

180 2233 207 2315 I,
232 2233 350 2296 deinde
373 2244 410 2297 ut
433 2233 638 2296 enuntiatum
662 2232 837 2297 relativum
866 2232 915 2297 bis
943 2233 1095 2318 pendeat,
1123 2254 1198 2297 cum
1222 2244 1255 2298 et

177 2364 199 2405 a
237 2341 427 2426 pronomine
461 2340 599 2405 relativo
639 2349 671 2403 et
709 2363 729 2403 e
777 2341 1005 2404 coniunctione
1044 2340 1255 2404 subiunctiva

177 2449 334 2533 incipit¹).
367 2485 404 2491 —
437 2448 473 2514 Si
496 2457 692 2513 structuram
718 2448 752 2510 Π
780 2470 854 2512 cum
879 2457 1042 2512 structura
1065 2449 1082 2512 I
1106 2450 1254 2513 conferre

178 2557 354 2641 pergimus,
390 2557 486 2621 facile
515 2556 682 2621 observari
711 2567 827 2641 potest,
863 2579 1041 2642 pronomen
1079 2556 1254 2622 relativum

177 2665 453 2728 constructionem
478 2665 639 2728 enuntiati
656 2664 840 2728 secundarii
861 2687 1000 2750 sequens
1024 2686 1134 2729 casum
1159 2687 1253 2729 suum

178 2781 317 2852 mutare,
357 2773 615 2857 quotiescunque
655 2771 793 2836 verbum
832 2771 886 2835 vel
929 2773 1127 2836 constructio
1166 2771 1253 2836 illius

179 2880 339 2943 enuntiati
378 2879 477 2943 elium
518 2901 628 2943 cusum
663 2879 747 2964 petit
781 2889 880 2963 atque
918 2878 1056 2943 verbum
1092 2880 1253 2943 enuntiati

178 2988 339 3073 primarii3
383 2987 445 3051 hoc
481 2985 577 3051 modo
615 2987 650 3049 in
694 2985 845 3071 exemplo
884 3009 983 3071 supra
1032 2986 1131 3050 allato
1169 2986 1252 3051 rela-

178 3096 283 3159 tivum
312 3117 370 3178 pro
401 3093 540 3158 subiecti
569 3116 646 3157 casu
681 3115 792 3157 casum
836 3093 956 3157 obiecti
987 3094 1139 3178 sumpsit3
1174 3115 1252 3157 non-

177 3224 342 3287 nunquam
368 3202 405 3266 fit
429 3203 637 3285 contrarium,
674 3201 800 3266 scilicet
823 3200 997 3266 relativum
1021 3202 1119 3265 sumit
1140 3223 1250 3266 casum

176 3310 318 3376 subiecti
340 3333 399 3397 pro
423 3333 501 3375 casu
525 3311 660 3392 obiecti3
694 3311 836 3397 denique
864 3311 935 3375 fieri
963 3326 1078 3397 potest,
1113 3310 1252 3375 1111111-

174 3419 282 3482 tivum
306 3440 417 3482 casum
441 3419 561 3483 obiecti
585 3419 744 3484 enuntiati
768 3407 953 3484 secundarii
969 3429 1076 3482 sumat
1099 3440 1156 3502 pro
1173 3440 1251 3482 casu

175 3525 296 3590 obiecti
321 3527 481 3590 enuntiati
504 3527 664 3611 primarii,
689 3548 763 3591 oum
787 3542 897 3591 eutem
920 3541 1095 3611 utrumque
1112 3525 1250 3589 verbum

176 3633 232 3697 vel
255 3645 393 3719 utraque
410 3636 606 3699 constructio
622 3635 791 3719 utriusque
807 3635 966 3699 enuntiati
983 3633 1122 3698 eundem
1139 3655 1250 3697 cesum

176 3741 269 3826 petit,
320 3751 387 3804 tum
432 3763 610 3826 pronomen
649 3741 824 3806 relativum
868 3741 990 3805 nullam
1037 3741 1250 3804 mutationem

176 3849 322 3935 praebet.

267 4079 288 4146 ¹)
306 4077 408 4132 Forma
427 4077 452 4130 A
473 4079 510 4146 (a)
530 4077 555 4129 A
575 4082 724 4129 structurae
744 4074 756 4127 I
775 4075 806 4127 fit
824 4081 958 4128 structura
977 4074 1014 4127 II:
1035 4077 1102 4128 1111.
1124 4106 1156 4113 -
