<?xml version="1.0" encoding="UTF-8"?>
<!DOCTYPE html PUBLIC "-//W3C//DTD XHTML 1.0 Transitional//EN"
    "http://www.w3.org/TR/xhtml1/DTD/xhtml1-transitional.dtd">
<html xmlns="http://www.w3.org/1999/xhtml" xml:lang="en" lang="en">
 <head>
  <title>
</title>
<meta http-equiv="Content-Type" content="text/html;charset=utf-8" />
  <meta name='ocr-system' content='tesseract 3.04.00' />
  <meta name='ocr-capabilities' content='ocr_page ocr_carea ocr_par ocr_line ocrx_word'/>
</head>
<body>
  <div class='ocr_page' id='page_1' title='image "./decomprehension00mihagoog_0124.png"; bbox 0 0 2866 4762; ppageno 0'>
   <div class='ocr_carea' id='block_1_1' title="bbox 600 293 834 357">
    <p class='ocr_par' dir='ltr' id='par_1_1' title="bbox 600 293 834 357">
     <span class='ocr_line' id='line_1_1' title="bbox 600 293 834 357; baseline 0 -1"><span class='ocrx_word' id='word_1_1' title='bbox 600 293 834 357; x_wconf 82' lang='lat'>—119-</span> 
     </span>
    </p>
   </div>
   <div class='ocr_carea' id='block_1_2' title="bbox 176 471 1251 2492">
    <p class='ocr_par' dir='ltr' id='par_1_2' title="bbox 270 471 697 557">
     <span class='ocr_line' id='line_1_2' title="bbox 270 471 697 557; baseline 0.002 -23"><span class='ocrx_word' id='word_1_2' title='bbox 270 471 452 535; x_wconf 85' lang='lat' dir='ltr'>Enuntiata</span> <span class='ocrx_word' id='word_1_3' title='bbox 475 471 697 557; x_wconf 80' lang='lat' dir='ltr'>implicantur:</span> 
     </span>
    </p>

    <p class='ocr_par' dir='ltr' id='par_1_3' title="bbox 179 577 1250 770">
     <span class='ocr_line' id='line_1_3' title="bbox 269 577 1250 665; baseline 0.002 -24"><span class='ocrx_word' id='word_1_4' title='bbox 269 578 310 642; x_wconf 90' lang='lat' dir='ltr'>de</span> <span class='ocrx_word' id='word_1_5' title='bbox 331 600 413 663; x_wconf 90' lang='lat' dir='ltr'>rep.</span> <span class='ocrx_word' id='word_1_6' title='bbox 438 577 455 641; x_wconf 93' lang='lat' dir='ltr'>I</span> <span class='ocrx_word' id='word_1_7' title='bbox 480 579 535 642; x_wconf 79' lang='lat'>15:</span> <span class='ocrx_word' id='word_1_8' title='bbox 562 601 643 664; x_wconf 84' lang='lat' dir='ltr'>quae</span> <span class='ocrx_word' id='word_1_9' title='bbox 658 582 713 642; x_wconf 75' lang='lat' dir='ltr'>oie</span> <span class='ocrx_word' id='word_1_10' title='bbox 730 581 909 643; x_wconf 77' lang='lat' dir='ltr'>conlectura</span> <span class='ocrx_word' id='word_1_11' title='bbox 927 579 1037 663; x_wconf 77' lang='lat' dir='ltr'>qualia</span> <span class='ocrx_word' id='word_1_12' title='bbox 1054 583 1118 643; x_wconf 74' lang='lat' dir='ltr'>ciet</span> <span class='ocrx_word' id='word_1_13' title='bbox 1139 603 1250 665; x_wconf 77' lang='lat' dir='ltr'>poaru-</span> 
     </span>
     <span class='ocr_line' id='line_1_4' title="bbox 179 688 439 770; baseline 0.004 -23"><span class='ocrx_word' id='word_1_14' title='bbox 179 708 247 748; x_wconf 81' lang='lat' dir='ltr'>mue</span> <span class='ocrx_word' id='word_1_15' title='bbox 271 688 439 770; x_wconf 68' lang='lat' dir='ltr'>auspicari.</span> 
     </span>
    </p>

    <p class='ocr_par' dir='ltr' id='par_1_4' title="bbox 179 793 1248 1094">
     <span class='ocr_line' id='line_1_5' title="bbox 256 793 1248 879; baseline 0.002 -23"><span class='ocrx_word' id='word_1_16' title='bbox 256 794 368 857; x_wconf 86' lang='lat' dir='ltr'>·Tota</span> <span class='ocrx_word' id='word_1_17' title='bbox 401 794 699 878; x_wconf 79' lang='lat' dir='ltr'>comprehensio</span> <span class='ocrx_word' id='word_1_18' title='bbox 747 793 798 858; x_wconf 88' lang='lat' dir='ltr'>bis</span> <span class='ocrx_word' id='word_1_19' title='bbox 833 795 1059 879; x_wconf 86' lang='lat' dir='ltr'>subiungitur:</span> <span class='ocrx_word' id='word_1_20' title='bbox 1108 796 1248 879; x_wconf 88' lang='lat' dir='ltr'>primum</span> 
     </span>
     <span class='ocr_line' id='line_1_6' title="bbox 180 900 1248 987; baseline 0.003 -24"><span class='ocrx_word' id='word_1_21' title='bbox 180 900 389 985; x_wconf 86' lang='lat' dir='ltr'>subiungitur</span> <span class='ocrx_word' id='word_1_22' title='bbox 427 902 618 986; x_wconf 83' lang='lat' dir='ltr'>pronomine</span> <span class='ocrx_word' id='word_1_23' title='bbox 653 901 792 966; x_wconf 89' lang='lat' dir='ltr'>relativo</span> <span class='ocrx_word' id='word_1_24' title='bbox 829 902 886 985; x_wconf 87' lang='lat' dir='ltr'>eis,</span> <span class='ocrx_word' id='word_1_25' title='bbox 922 924 1006 987; x_wconf 91' lang='lat' dir='ltr'>quae</span> <span class='ocrx_word' id='word_1_26' title='bbox 1035 902 1248 987; x_wconf 85' lang='lat' dir='ltr'>praecedunt,</span> 
     </span>
     <span class='ocr_line' id='line_1_7' title="bbox 179 1007 1124 1094; baseline 0.005 -23"><span class='ocrx_word' id='word_1_27' title='bbox 179 1007 298 1072; x_wconf 89' lang='lat' dir='ltr'>deinde</span> <span class='ocrx_word' id='word_1_28' title='bbox 321 1008 485 1093; x_wconf 89' lang='lat' dir='ltr'>particula</span> <span class='ocrx_word' id='word_1_29' title='bbox 507 1008 719 1073; x_wconf 88' lang='lat' dir='ltr'>subiunctiva</span> <span class='ocrx_word' id='word_1_30' title='bbox 743 1009 800 1092; x_wconf 87' lang='lat' dir='ltr'>eis,</span> <span class='ocrx_word' id='word_1_31' title='bbox 824 1028 909 1094; x_wconf 88' lang='lat' dir='ltr'>quae</span> <span class='ocrx_word' id='word_1_32' title='bbox 933 1018 1124 1094; x_wconf 88' lang='lat' dir='ltr'>sequuntur:</span> 
     </span>
    </p>

    <p class='ocr_par' dir='ltr' id='par_1_5' title="bbox 178 1114 1251 1412">
     <span class='ocr_line' id='line_1_8' title="bbox 269 1114 1248 1201; baseline 0.004 -24"><span class='ocrx_word' id='word_1_33' title='bbox 269 1115 310 1178; x_wconf 89' lang='lat' dir='ltr'>de</span> <span class='ocrx_word' id='word_1_34' title='bbox 327 1115 396 1179; x_wconf 85' lang='lat' dir='ltr'>har.</span> <span class='ocrx_word' id='word_1_35' title='bbox 413 1137 497 1201; x_wconf 86' lang='lat' dir='ltr'>resp.</span> <span class='ocrx_word' id='word_1_36' title='bbox 511 1117 568 1180; x_wconf 78' lang='lat'>52:</span> <span class='ocrx_word' id='word_1_37' title='bbox 598 1114 691 1195; x_wconf 80' lang='lat' dir='ltr'>Quod</span> <span class='ocrx_word' id='word_1_38' title='bbox 706 1139 760 1200; x_wconf 78' lang='lat' dir='ltr'>epo</span> <span class='ocrx_word' id='word_1_39' title='bbox 778 1139 972 1201; x_wconf 79' lang='lat' dir='ltr'>quamquam</span> <span class='ocrx_word' id='word_1_40' title='bbox 987 1118 1066 1201; x_wconf 76' lang='lat' dir='ltr'>quid</span> <span class='ocrx_word' id='word_1_41' title='bbox 1081 1120 1122 1180; x_wconf 78' lang='lat' dir='ltr'>eit</span> <span class='ocrx_word' id='word_1_42' title='bbox 1133 1120 1248 1196; x_wconf 77' lang='lat' dir='ltr'>nereio,</span> 
     </span>
     <span class='ocr_line' id='line_1_9' title="bbox 179 1223 1251 1310; baseline 0.002 -25"><span class='ocrx_word' id='word_1_43' title='bbox 179 1235 281 1286; x_wconf 71' lang='lat' dir='ltr'>tanuen</span> <span class='ocrx_word' id='word_1_44' title='bbox 300 1223 357 1287; x_wconf 77' lang='lat' dir='ltr'>ltoc</span> <span class='ocrx_word' id='word_1_45' title='bbox 375 1235 488 1297; x_wconf 80' lang='lat' dir='ltr'>statuo,</span> <span class='ocrx_word' id='word_1_46' title='bbox 505 1224 598 1304; x_wconf 78' lang='lat' dir='ltr'>leuno,</span> <span class='ocrx_word' id='word_1_47' title='bbox 617 1228 647 1286; x_wconf 78' lang='lat' dir='ltr'>oi</span> <span class='ocrx_word' id='word_1_48' title='bbox 658 1228 779 1301; x_wconf 73' lang='lat' dir='ltr'>anticus</span> <span class='ocrx_word' id='word_1_49' title='bbox 792 1236 869 1288; x_wconf 76' lang='lat' dir='ltr'>earet</span> <span class='ocrx_word' id='word_1_50' title='bbox 879 1225 1028 1310; x_wconf 76' lang='lat' dir='ltr'>Pompei,</span> <span class='ocrx_word' id='word_1_51' title='bbox 1046 1225 1251 1289; x_wconf 72' lang='lat' dir='ltr'>laudaturum</span> 
     </span>
     <span class='ocr_line' id='line_1_10' title="bbox 178 1331 487 1412; baseline 0.006 -19"><span class='ocrx_word' id='word_1_52' title='bbox 178 1331 269 1393; x_wconf 70' lang='lat' dir='ltr'>illrum</span> <span class='ocrx_word' id='word_1_53' title='bbox 291 1353 356 1394; x_wconf 80' lang='lat' dir='ltr'>nou</span> <span class='ocrx_word' id='word_1_54' title='bbox 370 1331 487 1412; x_wconf 71' lang='lat' dir='ltr'>focace,</span> 
     </span>
    </p>

    <p class='ocr_par' dir='ltr' id='par_1_6' title="bbox 178 1437 1249 1631">
     <span class='ocr_line' id='line_1_11' title="bbox 266 1437 1249 1524; baseline 0.003 -24"><span class='ocrx_word' id='word_1_55' title='bbox 266 1437 306 1500; x_wconf 91' lang='lat' dir='ltr'>In</span> <span class='ocrx_word' id='word_1_56' title='bbox 332 1438 443 1502; x_wconf 88' lang='lat' dir='ltr'>eadem</span> <span class='ocrx_word' id='word_1_57' title='bbox 471 1439 728 1503; x_wconf 88' lang='lat' dir='ltr'>conformatione</span> <span class='ocrx_word' id='word_1_58' title='bbox 752 1438 915 1524; x_wconf 87' lang='lat' dir='ltr'>particula</span> <span class='ocrx_word' id='word_1_59' title='bbox 938 1439 1148 1503; x_wconf 87' lang='lat' dir='ltr'>subiunctiva</span> <span class='ocrx_word' id='word_1_60' title='bbox 1171 1440 1249 1524; x_wconf 91' lang='lat' dir='ltr'>poni</span> 
     </span>
     <span class='ocr_line' id='line_1_12' title="bbox 178 1545 1247 1631; baseline 0.002 -23"><span class='ocrx_word' id='word_1_61' title='bbox 178 1555 285 1629; x_wconf 88' lang='lat' dir='ltr'>potest</span> <span class='ocrx_word' id='word_1_62' title='bbox 302 1546 395 1609; x_wconf 89' lang='lat' dir='ltr'>initio</span> <span class='ocrx_word' id='word_1_63' title='bbox 412 1546 573 1609; x_wconf 87' lang='lat' dir='ltr'>enuntiati</span> <span class='ocrx_word' id='word_1_64' title='bbox 586 1569 605 1609; x_wconf 87' lang='lat' dir='ltr'>a</span> <span class='ocrx_word' id='word_1_65' title='bbox 618 1568 682 1631; x_wconf 94' lang='lat' dir='ltr'>quo</span> <span class='ocrx_word' id='word_1_66' title='bbox 699 1546 821 1631; x_wconf 87' lang='lat' dir='ltr'>pendet</span> <span class='ocrx_word' id='word_1_67' title='bbox 839 1547 1043 1610; x_wconf 87' lang='lat' dir='ltr'>enuntiatum</span> <span class='ocrx_word' id='word_1_68' title='bbox 1055 1545 1247 1610; x_wconf 87' lang='lat' dir='ltr'>relativum:</span> 
     </span>
    </p>

    <p class='ocr_par' dir='ltr' id='par_1_7' title="bbox 176 1652 1250 1848">
     <span class='ocr_line' id='line_1_13' title="bbox 268 1652 1250 1738; baseline 0 -22"><span class='ocrx_word' id='word_1_69' title='bbox 268 1652 310 1716; x_wconf 85' lang='lat' dir='ltr'>ad</span> <span class='ocrx_word' id='word_1_70' title='bbox 334 1652 405 1717; x_wconf 86' lang='lat' dir='ltr'>Att.</span> <span class='ocrx_word' id='word_1_71' title='bbox 430 1653 495 1717; x_wconf 90' lang='lat' dir='ltr'>XV</span> <span class='ocrx_word' id='word_1_72' title='bbox 520 1653 573 1737; x_wconf 79' lang='lat'>26,</span> <span class='ocrx_word' id='word_1_73' title='bbox 599 1655 632 1717; x_wconf 77' lang='lat'>2:</span> <span class='ocrx_word' id='word_1_74' title='bbox 672 1656 757 1738; x_wconf 84' lang='lat' dir='ltr'>quod</span> <span class='ocrx_word' id='word_1_75' title='bbox 796 1655 889 1738; x_wconf 83' lang='lat' dir='ltr'>quale</span> <span class='ocrx_word' id='word_1_76' title='bbox 928 1655 986 1716; x_wconf 77' lang='lat' dir='ltr'>te&#39;be‘</span> <span class='ocrx_word' id='word_1_77' title='bbox 1022 1655 1182 1716; x_wconf 78' lang='lat' dir='ltr'>uideretur</span> <span class='ocrx_word' id='word_1_78' title='bbox 1215 1667 1250 1716; x_wconf 81' lang='lat' dir='ltr'>ut</span> 
     </span>
     <span class='ocr_line' id='line_1_14' title="bbox 176 1761 1121 1848; baseline 0.002 -27"><span class='ocrx_word' id='word_1_79' title='bbox 176 1782 283 1843; x_wconf 71' lang='lat' dir='ltr'>possea</span> <span class='ocrx_word' id='word_1_80' title='bbox 307 1763 521 1848; x_wconf 77' lang='lat' dir='ltr'>interpretari,</span> <span class='ocrx_word' id='word_1_81' title='bbox 547 1765 621 1826; x_wconf 74' lang='lat' dir='ltr'>uulsi</span> <span class='ocrx_word' id='word_1_82' title='bbox 643 1764 687 1825; x_wconf 83' lang='lat' dir='ltr'>od</span> <span class='ocrx_word' id='word_1_83' title='bbox 709 1775 737 1825; x_wconf 87' lang='lat' dir='ltr'>te</span> <span class='ocrx_word' id='word_1_84' title='bbox 760 1762 935 1846; x_wconf 75' lang='lat' dir='ltr'>eeencplum</span> <span class='ocrx_word' id='word_1_85' title='bbox 960 1761 1121 1846; x_wconf 69' lang='lat' dir='ltr'>epistulae.</span> 
     </span>
    </p>

    <p class='ocr_par' dir='ltr' id='par_1_8' title="bbox 179 1866 1249 2056">
     <span class='ocr_line' id='line_1_15' title="bbox 267 1866 1249 1953; baseline 0 -23"><span class='ocrx_word' id='word_1_86' title='bbox 267 1866 432 1932; x_wconf 74' lang='lat' dir='ltr'>Notabilis</span> <span class='ocrx_word' id='word_1_87' title='bbox 464 1869 595 1933; x_wconf 87' lang='lat' dir='ltr'>exsistit</span> <span class='ocrx_word' id='word_1_88' title='bbox 634 1870 832 1932; x_wconf 79' lang='lat' dir='ltr'>constructio</span> <span class='ocrx_word' id='word_1_89' title='bbox 868 1890 942 1932; x_wconf 89' lang='lat' dir='ltr'>cum</span> <span class='ocrx_word' id='word_1_90' title='bbox 977 1868 1118 1953; x_wconf 90' lang='lat' dir='ltr'>quodam</span> <span class='ocrx_word' id='word_1_91' title='bbox 1152 1867 1249 1931; x_wconf 92' lang='lat' dir='ltr'>modo</span> 
     </span>
     <span class='ocr_line' id='line_1_16' title="bbox 179 1972 647 2056; baseline 0.009 -19"><span class='ocrx_word' id='word_1_92' title='bbox 179 1976 281 2038; x_wconf 86' lang='lat' dir='ltr'>l&#39;orma</span> <span class='ocrx_word' id='word_1_93' title='bbox 305 1999 340 2040; x_wconf 89' lang='lat' dir='ltr'>a:</span> <span class='ocrx_word' id='word_1_94' title='bbox 352 1974 386 2054; x_wconf 89' lang='lat' dir='ltr'>(b</span> <span class='ocrx_word' id='word_1_95' title='bbox 401 2000 407 2039; x_wconf 94' lang='lat'><strong>:</strong></span> <span class='ocrx_word' id='word_1_96' title='bbox 422 1972 468 2056; x_wconf 86' lang='lat' dir='ltr'>A)</span> <span class='ocrx_word' id='word_1_97' title='bbox 492 1977 647 2041; x_wconf 87' lang='lat' dir='ltr'>occurrit:</span> 
     </span>
    </p>

    <p class='ocr_par' dir='ltr' id='par_1_9' title="bbox 178 2082 1250 2278">
     <span class='ocr_line' id='line_1_17' title="bbox 267 2082 1250 2170; baseline -0.002 -24"><span class='ocrx_word' id='word_1_98' title='bbox 267 2105 299 2168; x_wconf 91' lang='lat' dir='ltr'>p.</span> <span class='ocrx_word' id='word_1_99' title='bbox 325 2082 457 2163; x_wconf 78' lang='lat' dir='ltr'>Quinct.</span> <span class='ocrx_word' id='word_1_100' title='bbox 482 2085 516 2148; x_wconf 88' lang='lat'>4:</span> <span class='ocrx_word' id='word_1_101' title='bbox 544 2107 624 2168; x_wconf 77' lang='lat' dir='ltr'>qreae</span> <span class='ocrx_word' id='word_1_102' title='bbox 642 2087 828 2170; x_wconf 72' lang='lat' dir='ltr'>quaesterit,</span> <span class='ocrx_word' id='word_1_103' title='bbox 850 2086 915 2146; x_wconf 77' lang='lat' dir='ltr'>ruisi</span> <span class='ocrx_word' id='word_1_104' title='bbox 930 2097 1050 2168; x_wconf 75' lang='lat' dir='ltr'>tempera</span> <span class='ocrx_word' id='word_1_105' title='bbox 1067 2095 1096 2145; x_wconf 84' lang='lat' dir='ltr'>et</span> <span class='ocrx_word' id='word_1_106' title='bbox 1111 2085 1250 2167; x_wconf 76' lang='lat' dir='ltr'>spatium</span> 
     </span>
     <span class='ocr_line' id='line_1_18' title="bbox 178 2191 743 2278; baseline 0.005 -26"><span class='ocrx_word' id='word_1_107' title='bbox 178 2191 287 2254; x_wconf 82' lang='lat' dir='ltr'>dotum</span> <span class='ocrx_word' id='word_1_108' title='bbox 310 2194 361 2270; x_wconf 78' lang='lat' dir='ltr'>ait,</span> <span class='ocrx_word' id='word_1_109' title='bbox 386 2193 527 2276; x_wconf 73' lang='lat' dir='ltr'>intellepe&#39;</span> <span class='ocrx_word' id='word_1_110' title='bbox 547 2216 612 2256; x_wconf 81' lang='lat' dir='ltr'>noo</span> <span class='ocrx_word' id='word_1_111' title='bbox 629 2205 743 2278; x_wconf 78' lang='lat' dir='ltr'>potest.</span> 
     </span>
    </p>

    <p class='ocr_par' dir='ltr' id='par_1_10' title="bbox 268 2298 1184 2383">
     <span class='ocr_line' id='line_1_19' title="bbox 268 2298 1184 2383; baseline -0.003 -21"><span class='ocrx_word' id='word_1_112' title='bbox 268 2298 361 2378; x_wconf 76' lang='lat' dir='ltr'>Quae</span> <span class='ocrx_word' id='word_1_113' title='bbox 386 2299 491 2364; x_wconf 89' lang='lat' dir='ltr'>forma</span> <span class='ocrx_word' id='word_1_114' title='bbox 515 2301 612 2364; x_wconf 85' lang='lat' dir='ltr'>etiam</span> <span class='ocrx_word' id='word_1_115' title='bbox 636 2301 698 2364; x_wconf 91' lang='lat' dir='ltr'>hoc</span> <span class='ocrx_word' id='word_1_116' title='bbox 722 2300 819 2364; x_wconf 90' lang='lat' dir='ltr'>modo</span> <span class='ocrx_word' id='word_1_117' title='bbox 844 2299 1039 2364; x_wconf 84' lang='lat' dir='ltr'>conformari</span> <span class='ocrx_word' id='word_1_118' title='bbox 1063 2306 1184 2383; x_wconf 89' lang='lat' dir='ltr'>potest:</span> 
     </span>
    </p>

    <p class='ocr_par' dir='ltr' id='par_1_11' title="bbox 268 2406 1248 2492">
     <span class='ocr_line' id='line_1_20' title="bbox 268 2406 1248 2492; baseline -0.007 -21"><span class='ocrx_word' id='word_1_119' title='bbox 268 2406 308 2471; x_wconf 87' lang='lat' dir='ltr'>de</span> <span class='ocrx_word' id='word_1_120' title='bbox 332 2407 387 2471; x_wconf 88' lang='lat' dir='ltr'>fin.</span> <span class='ocrx_word' id='word_1_121' title='bbox 412 2408 447 2471; x_wconf 92' lang='grc' dir='ltr'>Π</span> <span class='ocrx_word' id='word_1_122' title='bbox 473 2409 550 2473; x_wconf 80' lang='lat'>117:</span> <span class='ocrx_word' id='word_1_123' title='bbox 577 2431 666 2492; x_wconf 80' lang='lat' dir='ltr'>quae,</span> <span class='ocrx_word' id='word_1_124' title='bbox 692 2412 757 2472; x_wconf 71' lang='lat' dir='ltr'>niae</span> <span class='ocrx_word' id='word_1_125' title='bbox 779 2409 923 2472; x_wconf 75' lang='lat' dir='ltr'>honestae</span> <span class='ocrx_word' id='word_1_126' title='bbox 943 2419 1061 2470; x_wconf 72' lang='lat' dir='ltr'>notzere</span> <span class='ocrx_word' id='word_1_127' title='bbox 1072 2407 1248 2491; x_wconf 68' lang='lat' dir='ltr'>plurimum</span> 
     </span>
    </p>
   </div>
   <div class='ocr_carea' id='block_1_3' title="bbox 177 2511 1354 2601">
    <p class='ocr_par' dir='ltr' id='par_1_12' title="bbox 177 2511 1354 2601">
     <span class='ocr_line' id='line_1_21' title="bbox 177 2511 1354 2601; baseline -0.003 -25"><span class='ocrx_word' id='word_1_128' title='bbox 177 2513 290 2594; x_wconf 79' lang='lat' dir='ltr'>caleat,</span> <span class='ocrx_word' id='word_1_129' title='bbox 328 2537 385 2577; x_wconf 81' lang='lat' dir='ltr'>cur</span> <span class='ocrx_word' id='word_1_130' title='bbox 418 2538 482 2579; x_wconf 81' lang='lat' dir='ltr'>nou</span> <span class='ocrx_word' id='word_1_131' title='bbox 519 2517 635 2580; x_wconf 85' lang='lat' dir='ltr'>cadant</span> <span class='ocrx_word' id='word_1_132' title='bbox 668 2519 702 2579; x_wconf 78' lang='lat' dir='ltr'>in</span> <span class='ocrx_word' id='word_1_133' title='bbox 738 2519 911 2601; x_wconf 75' lang='lat' dir='ltr'>eapientem</span> <span class='ocrx_word' id='word_1_134' title='bbox 945 2537 1010 2577; x_wconf 79' lang='lat' dir='ltr'>noo</span> <span class='ocrx_word' id='word_1_135' title='bbox 1045 2525 1089 2576; x_wconf 79' lang='lat' dir='ltr'>est</span> <span class='ocrx_word' id='word_1_136' title='bbox 1118 2511 1248 2594; x_wconf 75' lang='lat' dir='ltr'>difficile</span> <span class='ocrx_word' id='word_1_137' title='bbox 1351 2558 1354 2564; x_wconf 87' lang='lat'>-</span> 
     </span>
    </p>
   </div>
   <div class='ocr_carea' id='block_1_4' title="bbox 178 2620 1250 2814">
    <p class='ocr_par' dir='ltr' id='par_1_13' title="bbox 178 2620 1250 2814">
     <span class='ocr_line' id='line_1_22' title="bbox 178 2620 1246 2709; baseline -0.004 -25"><span class='ocrx_word' id='word_1_138' title='bbox 178 2621 353 2703; x_wconf 75' lang='lat' dir='ltr'>defendere.</span> <span class='ocrx_word' id='word_1_139' title='bbox 382 2657 419 2665; x_wconf 89' lang='lat'>-</span> <span class='ocrx_word' id='word_1_140' title='bbox 446 2632 530 2709; x_wconf 91' lang='lat' dir='ltr'>part.</span> <span class='ocrx_word' id='word_1_141' title='bbox 555 2635 635 2687; x_wconf 86' lang='lat' dir='ltr'>orat.</span> <span class='ocrx_word' id='word_1_142' title='bbox 661 2624 719 2688; x_wconf 76' lang='lat'>42:</span> <span class='ocrx_word' id='word_1_143' title='bbox 756 2620 878 2708; x_wconf 83' lang='lat' dir='ltr'>Nempe</span> <span class='ocrx_word' id='word_1_144' title='bbox 911 2626 1012 2708; x_wconf 60' lang='grc' dir='ltr'>ἱρέων</span> <span class='ocrx_word' id='word_1_145' title='bbox 1048 2643 1083 2685; x_wconf 85' lang='lat' dir='ltr'>eo</span> <span class='ocrx_word' id='word_1_146' title='bbox 1117 2630 1246 2697; x_wconf 78' lang='lat' dir='ltr'>restant,</span> 
     </span>
     <span class='ocr_line' id='line_1_23' title="bbox 179 2731 1250 2814; baseline -0.004 -23"><span class='ocrx_word' id='word_1_147' title='bbox 179 2751 269 2812; x_wconf 82' lang='lat' dir='ltr'>quoe,</span> <span class='ocrx_word' id='word_1_148' title='bbox 295 2751 365 2792; x_wconf 81' lang='lat' dir='ltr'>eum</span> <span class='ocrx_word' id='word_1_149' title='bbox 382 2742 410 2793; x_wconf 87' lang='lat' dir='ltr'>et</span> <span class='ocrx_word' id='word_1_150' title='bbox 422 2731 552 2812; x_wconf 67' lang='lat' dir='ltr'>sectum</span> <span class='ocrx_word' id='word_1_151' title='bbox 569 2743 690 2794; x_wconf 77' lang='lat' dir='ltr'>cunctat</span> <span class='ocrx_word' id='word_1_152' title='bbox 706 2743 734 2794; x_wconf 86' lang='lat' dir='ltr'>et</span> <span class='ocrx_word' id='word_1_153' title='bbox 748 2753 872 2810; x_wconf 66' lang='lat' dir='ltr'>coerceo,</span> <span class='ocrx_word' id='word_1_154' title='bbox 898 2732 1009 2814; x_wconf 74' lang='lat' dir='ltr'>qualia</span> <span class='ocrx_word' id='word_1_155' title='bbox 1032 2732 1096 2790; x_wconf 78' lang='lat' dir='ltr'>aiot</span> <span class='ocrx_word' id='word_1_156' title='bbox 1118 2739 1250 2789; x_wconf 79' lang='lat' dir='ltr'>coeatur·</span> 
     </span>
    </p>
   </div>
   <div class='ocr_carea' id='block_1_5' title="bbox 176 2836 1249 3221">
    <p class='ocr_par' dir='ltr' id='par_1_14' title="bbox 176 2836 373 2900">
     <span class='ocr_line' id='line_1_24' title="bbox 176 2836 373 2900; baseline 0.015 -2"><span class='ocrx_word' id='word_1_157' title='bbox 176 2839 211 2898; x_wconf 78' lang='lat' dir='ltr'>e&#39;o</span> <span class='ocrx_word' id='word_1_158' title='bbox 235 2836 373 2900; x_wconf 80' lang='lat' dir='ltr'>dubium.</span> 
     </span>
    </p>

    <p class='ocr_par' dir='ltr' id='par_1_15' title="bbox 268 2935 467 3000">
     <span class='ocr_line' id='line_1_25' title="bbox 268 2935 467 3000; baseline 0.01 -3"><span class='ocrx_word' id='word_1_159' title='bbox 268 2935 330 3000; x_wconf 90' lang='lat' dir='ltr'>Vel</span> <span class='ocrx_word' id='word_1_160' title='bbox 355 2936 467 3000; x_wconf 89' lang='lat' dir='ltr'>etiam:</span> 
     </span>
    </p>

    <p class='ocr_par' dir='ltr' id='par_1_16' title="bbox 177 3034 1249 3221">
     <span class='ocr_line' id='line_1_26' title="bbox 268 3034 1249 3118; baseline -0.007 -20"><span class='ocrx_word' id='word_1_161' title='bbox 268 3034 541 3101; x_wconf 80' lang='lat' dir='ltr'>deor.11239:</span> <span class='ocrx_word' id='word_1_162' title='bbox 581 3035 669 3115; x_wconf 80' lang='lat' dir='ltr'>Quae</span> <span class='ocrx_word' id='word_1_163' title='bbox 705 3038 883 3100; x_wconf 75' lang='lat' dir='ltr'>euluseuocle‘</span> <span class='ocrx_word' id='word_1_164' title='bbox 919 3038 983 3098; x_wconf 75' lang='lat' dir='ltr'>sint</span> <span class='ocrx_word' id='word_1_165' title='bbox 1010 3035 1149 3118; x_wconf 76' lang='lat' dir='ltr'>facilius</span> <span class='ocrx_word' id='word_1_166' title='bbox 1182 3035 1249 3093; x_wconf 77' lang='lat' dir='ltr'>ium</span> 
     </span>
     <span class='ocr_line' id='line_1_27' title="bbox 177 3134 1245 3221; baseline -0.004 -25"><span class='ocrx_word' id='word_1_167' title='bbox 177 3134 401 3219; x_wconf 72' lang='lat' dir='ltr'>intelleqemua,</span> <span class='ocrx_word' id='word_1_168' title='bbox 420 3158 490 3197; x_wconf 82' lang='lat' dir='ltr'>cum</span> <span class='ocrx_word' id='word_1_169' title='bbox 504 3137 548 3198; x_wconf 81' lang='lat' dir='ltr'>ad</span> <span class='ocrx_word' id='word_1_170' title='bbox 562 3139 635 3221; x_wconf 83' lang='lat' dir='ltr'>e‘pao</span> <span class='ocrx_word' id='word_1_171' title='bbox 647 3137 856 3216; x_wconf 74' lang='lat' dir='ltr'>ridiculorum</span> <span class='ocrx_word' id='word_1_172' title='bbox 870 3157 987 3220; x_wconf 64' lang='lat' dir='ltr'>pectere</span> <span class='ocrx_word' id='word_1_173' title='bbox 1002 3135 1186 3197; x_wconf 45' lang='lat' dir='ltr'>‘venerimus</span> <span class='ocrx_word' id='word_1_174' title='bbox 1207 3164 1245 3171; x_wconf 88' lang='lat'>—</span> 
     </span>
    </p>
   </div>
   <div class='ocr_carea' id='block_1_6' title="bbox 177 3238 1249 3545">
    <p class='ocr_par' dir='ltr' id='par_1_17' title="bbox 177 3238 1249 3545">
     <span class='ocr_line' id='line_1_28' title="bbox 268 3238 1249 3326; baseline -0.006 -21"><span class='ocrx_word' id='word_1_175' title='bbox 268 3240 350 3305; x_wconf 86' lang='lat' dir='ltr'>Cum</span> <span class='ocrx_word' id='word_1_176' title='bbox 376 3243 580 3307; x_wconf 86' lang='lat' dir='ltr'>enuntiatum</span> <span class='ocrx_word' id='word_1_177' title='bbox 608 3243 782 3308; x_wconf 87' lang='lat' dir='ltr'>relativum</span> <span class='ocrx_word' id='word_1_178' title='bbox 807 3254 856 3307; x_wconf 88' lang='lat' dir='ltr'>est</span> <span class='ocrx_word' id='word_1_179' title='bbox 879 3241 1089 3326; x_wconf 83' lang='lat' dir='ltr'>interrogatio</span> <span class='ocrx_word' id='word_1_180' title='bbox 1115 3238 1249 3323; x_wconf 87' lang='lat' dir='ltr'>obliqua</span> 
     </span>
     <span class='ocr_line' id='line_1_29' title="bbox 177 3348 1156 3437; baseline -0.004 -23"><span class='ocrx_word' id='word_1_181' title='bbox 177 3358 316 3434; x_wconf 86' lang='lat' dir='ltr'>possunt</span> <span class='ocrx_word' id='word_1_182' title='bbox 339 3351 437 3414; x_wconf 88' lang='lat' dir='ltr'>etiarn</span> <span class='ocrx_word' id='word_1_183' title='bbox 462 3350 590 3436; x_wconf 85' lang='lat' dir='ltr'>amplae</span> <span class='ocrx_word' id='word_1_184' title='bbox 615 3352 920 3437; x_wconf 88' lang='lat' dir='ltr'>comprehensiones</span> <span class='ocrx_word' id='word_1_185' title='bbox 944 3348 1156 3415; x_wconf 86' lang='lat' dir='ltr'>conformari:</span> 
     </span>
     <span class='ocr_line' id='line_1_30' title="bbox 267 3458 1248 3545; baseline -0.007 -24"><span class='ocrx_word' id='word_1_186' title='bbox 267 3458 300 3521; x_wconf 88' lang='lat' dir='ltr'>in</span> <span class='ocrx_word' id='word_1_187' title='bbox 323 3459 417 3522; x_wconf 86' lang='lat' dir='ltr'>Verr.</span> <span class='ocrx_word' id='word_1_188' title='bbox 447 3459 467 3522; x_wconf 90' lang='lat' dir='ltr'>l.</span> <span class='ocrx_word' id='word_1_189' title='bbox 497 3459 612 3525; x_wconf 77' lang='lat'>1158:</span> <span class='ocrx_word' id='word_1_190' title='bbox 653 3462 718 3537; x_wconf 71' lang='lat' dir='ltr'>Qut</span> <span class='ocrx_word' id='word_1_191' title='bbox 752 3463 905 3545; x_wconf 43' lang='lat' dir='ltr'>peeorr‘ediu</span> <span class='ocrx_word' id='word_1_192' title='bbox 941 3459 999 3522; x_wconf 70' lang='lat' dir='ltr'>ubi</span> <span class='ocrx_word' id='word_1_193' title='bbox 1028 3460 1148 3521; x_wconf 68' lang='lat' dir='ltr'>arnicas</span> <span class='ocrx_word' id='word_1_194' title='bbox 1183 3475 1248 3516; x_wconf 81' lang='lat' dir='ltr'>non</span> 
     </span>
    </p>
   </div>
   <div class='ocr_carea' id='block_1_7' title="bbox 177 3563 1245 3653">
    <p class='ocr_par' dir='ltr' id='par_1_18' title="bbox 177 3563 1245 3653">
     <span class='ocr_line' id='line_1_31' title="bbox 177 3563 1245 3653; baseline -0.006 -25"><span class='ocrx_word' id='word_1_195' title='bbox 177 3569 268 3631; x_wconf 82' lang='lat' dir='ltr'>modo</span> <span class='ocrx_word' id='word_1_196' title='bbox 298 3582 363 3631; x_wconf 83' lang='lat' dir='ltr'>tune</span> <span class='ocrx_word' id='word_1_197' title='bbox 389 3569 503 3646; x_wconf 65' lang='lat' dir='ltr'>ficeret,</span> <span class='ocrx_word' id='word_1_198' title='bbox 536 3592 631 3653; x_wconf 79' lang='lat' dir='ltr'>quum</span> <span class='ocrx_word' id='word_1_199' title='bbox 661 3571 718 3631; x_wconf 71' lang='lat' dir='ltr'>dle</span> <span class='ocrx_word' id='word_1_200' title='bbox 746 3582 846 3633; x_wconf 80' lang='lat' dir='ltr'>tecum</span> <span class='ocrx_word' id='word_1_201' title='bbox 873 3572 907 3631; x_wconf 53' lang='lat' dir='ltr'>&#39;in</span> <span class='ocrx_word' id='word_1_202' title='bbox 935 3569 1103 3652; x_wconf 74' lang='lat' dir='ltr'>prouincia</span> <span class='ocrx_word' id='word_1_203' title='bbox 1131 3563 1245 3645; x_wconf 60' lang='lat' dir='ltr'>sileret,</span> 
     </span>
    </p>
   </div>
   <div class='ocr_carea' id='block_1_8' title="bbox 176 3671 1247 3756">
    <p class='ocr_par' dir='ltr' id='par_1_19' title="bbox 176 3671 1247 3756">
     <span class='ocr_line' id='line_1_32' title="bbox 176 3671 1247 3756; baseline -0.007 -18"><span class='ocrx_word' id='word_1_204' title='bbox 176 3698 284 3738; x_wconf 82' lang='lat' dir='ltr'>oerum</span> <span class='ocrx_word' id='word_1_205' title='bbox 312 3678 407 3739; x_wconf 72' lang='lat' dir='ltr'>etium</span> <span class='ocrx_word' id='word_1_206' title='bbox 433 3699 518 3738; x_wconf 79' lang='lat' dir='ltr'>nune</span> <span class='ocrx_word' id='word_1_207' title='bbox 542 3679 596 3756; x_wconf 79' lang='lat' dir='ltr'>ait,</span> <span class='ocrx_word' id='word_1_208' title='bbox 622 3701 691 3739; x_wconf 71' lang='lat' dir='ltr'>euru</span> <span class='ocrx_word' id='word_1_209' title='bbox 715 3680 781 3741; x_wconf 68' lang='lat' dir='ltr'>euru</span> <span class='ocrx_word' id='word_1_210' title='bbox 805 3703 822 3738; x_wconf 82' lang='lat' dir='ltr'>o</span> <span class='ocrx_word' id='word_1_211' title='bbox 848 3679 956 3740; x_wconf 76' lang='lat' dir='ltr'>ceteris</span> <span class='ocrx_word' id='word_1_212' title='bbox 985 3675 1095 3736; x_wconf 72' lang='lat' dir='ltr'>orit-ieie</span> <span class='ocrx_word' id='word_1_213' title='bbox 1122 3671 1247 3733; x_wconf 78' lang='lat' dir='ltr'>relictus</span> 
     </span>
    </p>
   </div>
   <div class='ocr_carea' id='block_1_9' title="bbox 178 3783 1247 3947">
    <p class='ocr_par' dir='ltr' id='par_1_20' title="bbox 178 3783 1247 3947">
     <span class='ocr_line' id='line_1_33' title="bbox 178 3783 1036 3868; baseline -0.003 -23"><span class='ocrx_word' id='word_1_214' title='bbox 178 3805 218 3862; x_wconf 81' lang='lat' dir='ltr'>ee,</span> <span class='ocrx_word' id='word_1_215' title='bbox 244 3795 272 3845; x_wconf 86' lang='lat' dir='ltr'>et</span> <span class='ocrx_word' id='word_1_216' title='bbox 295 3795 328 3846; x_wconf 82' lang='lat' dir='ltr'>tu</span> <span class='ocrx_word' id='word_1_217' title='bbox 352 3783 505 3866; x_wconf 76' lang='lat' dir='ltr'>intellepe&#39;o</span> <span class='ocrx_word' id='word_1_218' title='bbox 528 3796 557 3846; x_wconf 87' lang='lat' dir='ltr'>et</span> <span class='ocrx_word' id='word_1_219' title='bbox 579 3808 636 3848; x_wconf 82' lang='lat' dir='ltr'>noa</span> <span class='ocrx_word' id='word_1_220' title='bbox 660 3787 839 3848; x_wconf 60' lang='lat' dir='ltr'>existimare</span> <span class='ocrx_word' id='word_1_221' title='bbox 861 3804 1036 3868; x_wconf 75' lang='lat' dir='ltr'>possumne.</span> 
     </span>
     <span class='ocr_line' id='line_1_34' title="bbox 318 3872 1247 3947; baseline -0.006 -19"><span class='ocrx_word' id='word_1_222' title='bbox 318 3875 399 3930; x_wconf 81' lang='lat' dir='ltr'>Item:</span> <span class='ocrx_word' id='word_1_223' title='bbox 431 3877 464 3931; x_wconf 88' lang='lat' dir='ltr'>dc</span> <span class='ocrx_word' id='word_1_224' title='bbox 484 3895 521 3930; x_wconf 92' lang='lat' dir='ltr'>or.</span> <span class='ocrx_word' id='word_1_225' title='bbox 541 3877 555 3930; x_wconf 90' lang='grc' dir='ltr'><strong>Ι</strong></span> <span class='ocrx_word' id='word_1_226' title='bbox 573 3878 626 3931; x_wconf 71' lang='grc'>246</span> <span class='ocrx_word' id='word_1_227' title='bbox 656 3881 730 3947; x_wconf 73' lang='lat' dir='ltr'>(puae</span> <span class='ocrx_word' id='word_1_228' title='bbox 749 3881 847 3946; x_wconf 72' lang='lat' dir='ltr'>petetur);</span> <span class='ocrx_word' id='word_1_229' title='bbox 876 3877 904 3929; x_wconf 92' lang='lat' dir='ltr'>in</span> <span class='ocrx_word' id='word_1_230' title='bbox 932 3875 1008 3929; x_wconf 88' lang='lat' dir='ltr'>Verr.</span> <span class='ocrx_word' id='word_1_231' title='bbox 1037 3874 1054 3926; x_wconf 94' lang='lat' dir='ltr'>l.</span> <span class='ocrx_word' id='word_1_232' title='bbox 1079 3872 1144 3927; x_wconf 71' lang='lat'>132</span> <span class='ocrx_word' id='word_1_233' title='bbox 1172 3880 1247 3939; x_wconf 72' lang='lat' dir='ltr'>(perne</span> 
     </span>
    </p>
   </div>
   <div class='ocr_carea' id='block_1_10' title="bbox 248 3965 1154 4036">
    <p class='ocr_par' dir='ltr' id='par_1_21' title="bbox 248 3965 1154 4036">
     <span class='ocr_line' id='line_1_35' title="bbox 248 3965 1154 4036; baseline -0.007 -19"><span class='ocrx_word' id='word_1_234' title='bbox 248 3967 354 4034; x_wconf 71' lang='lat' dir='ltr'>preoli3)3</span> <span class='ocrx_word' id='word_1_235' title='bbox 377 3966 394 4019; x_wconf 95' lang='lat' dir='ltr'>l.</span> <span class='ocrx_word' id='word_1_236' title='bbox 414 3965 494 4021; x_wconf 81' lang='lat'>1158</span> <span class='ocrx_word' id='word_1_237' title='bbox 513 3970 567 4035; x_wconf 75' lang='lat' dir='ltr'>(pei</span> <span class='ocrx_word' id='word_1_238' title='bbox 585 3970 684 4036; x_wconf 57' lang='lat' dir='ltr'>perenn:</span> <span class='ocrx_word' id='word_1_239' title='bbox 703 3967 738 4020; x_wconf 86' lang='lat' dir='ltr'>ad</span> <span class='ocrx_word' id='word_1_240' title='bbox 757 3967 820 4019; x_wconf 88' lang='lat' dir='ltr'>fam.</span> <span class='ocrx_word' id='word_1_241' title='bbox 840 3968 862 4019; x_wconf 81' lang='lat' dir='ltr'>V</span> <span class='ocrx_word' id='word_1_242' title='bbox 883 3967 907 4034; x_wconf 79' lang='lat'>2,</span> <span class='ocrx_word' id='word_1_243' title='bbox 929 3966 943 4017; x_wconf 90' lang='lat'>1</span> <span class='ocrx_word' id='word_1_244' title='bbox 964 3965 1042 4033; x_wconf 60' lang='lat' dir='ltr'>(estred</span> <span class='ocrx_word' id='word_1_245' title='bbox 1060 3965 1154 4028; x_wconf 17' lang='lat' dir='ltr'>‹·mu).y</span> 
     </span>
    </p>
   </div>
   <div class='ocr_carea' id='block_1_11' title="bbox 0 0 1438 4762">
    <p class='ocr_par' dir='ltr' id='par_1_22' title="bbox 0 0 1438 4762">
     <span class='ocr_line' id='line_1_36' title="bbox 0 0 1438 4762; baseline 0 1"><span class='ocrx_word' id='word_1_246' title='bbox 0 0 1438 4762; x_wconf 95' lang='lat' dir='ltr'> </span> 
     </span>
    </p>
   </div>
  </div>
 </body>
</html>
