2866 4762
600 290 831 354 —115-

267 467 316 530 Et
340 467 518 532 eiusdem
543 479 579 533 et
603 468 756 534 diVersi
780 471 945 536 ordinis:

269 583 309 646 de
334 584 401 648 inv.
427 583 462 646 II
485 585 523 649 4:
551 587 645 664 Quod
659 589 811 670 quoniam
826 586 916 651 nobis
933 609 1057 673 quoque
1079 591 1249 655 voluntatis

174 693 295 754 accidit
316 703 352 754 ut
366 704 466 755 artem
486 694 614 757 dicendi
626 694 899 778 perscriberemus
923 718 988 759 non
1003 722 1101 760 unnim
1117 699 1250 783 aliquod

175 802 404 884 proposuimus
432 801 622 885 exemplum,
652 805 743 865 euius
771 825 876 866 omnes
902 817 1010 888 partes
1040 852 1046 868 .
1073 856 1079 869 .
1106 855 1123 885 ·,
1139 810 1248 892 eapul-

176 909 309 970 mendae
324 908 514 988 eiderentur,
539 909 602 985 sed,
628 908 771 972 omnibus
797 961 803 973 .
829 957 836 972 .
864 959 870 974 .
896 914 1012 974 eoaetis
1027 914 1246 998 scriptoribus,

176 1016 265 1099 quod
281 1017 414 1099 quisque
439 1065 445 1077 .
472 1064 478 1076 .
506 1063 512 1076 .
536 1017 902 1101 praeripereoidebatur
925 1022 1135 1104 excerpsimus
1160 1034 1189 1085 et
1211 1045 1248 1085 ea

175 1125 277 1185 variis
302 1124 438 1206 inqeniis
462 1123 720 1187 excellentissima
745 1147 887 1209 quaeque
910 1126 1087 1190 libavimus.

321 1223 403 1278 Item:
424 1224 458 1278 ed
477 1224 541 1278 lem.
560 1225 587 1278 X
605 1227 631 1293 4,
649 1226 668 1280 4
691 1228 769 1297 (quod
790 1230 825 1296 si3
848 1229 964 1282 Plancus
989 1230 1106 1298 scribit);
1130 1231 1165 1284 ad
1189 1232 1247 1286 Att.

250 1313 316 1366 VIII
335 1313 369 1366 12
389 1313 427 1381 0.,
449 1315 463 1366 1
483 1316 558 1383 (quae
577 1316 600 1367 si
617 1316 718 1386 capiam·
738 1316 882 1388 Pompeius
902 1319 1023 1387 scribit).

268 1461 445 1524 Protesis
470 1472 624 1525 constat
648 1484 695 1525 ex
711 1465 930 1528 enuntiatis
955 1475 991 1529 et
1015 1467 1184 1542 eiusdem
1211 1478 1247 1532 et

175 1569 327 1633 diversi
351 1568 517 1632 ordinis:

268 1676 433 1761 Apodosis
456 1698 499 1739 ex
524 1678 714 1741 enuntietis:

269 1783 428 1848 Diversi
453 1783 620 1848 ordinis:

268 1893 300 1954 In
326 1890 399 1956 Cat.
424 1891 477 1955 III
503 1894 560 1956 ll:
589 1891 658 1970 Qui
684 1916 754 1955 eum
781 1894 832 1955 illi
854 1892 988 1956 breviter
1012 1907 1249 1979 constanterque

177 2001 427 2085 respondissent,
463 2022 522 2084 per
557 2023 649 2084 quern
679 2002 723 2063 ad
750 2023 819 2064 eum
847 2003 1052 2086 quotiensque
1080 2005 1246 2082 venissent,

177 2111 434 2192 quaesissentque
450 2107 489 2170 ab
507 2130 550 2188 eo,
575 2109 695 2171 nihilne
711 2131 814 2171 seeum
830 2121 907 2172 esset
922 2111 960 2171 de
974 2110 1060 2191 fatis
1079 2109 1248 2195 Sibyllinis

178 2219 310 2294 loeutus,
336 2229 403 2279 tum
424 2217 478 2279 ille
495 2216 595 2279 subito
612 2216 724 2279 seelere
745 2217 879 2296 demens,
898 2228 1017 2300 quanta
1042 2220 1249 2282 eonscientiae

178 2327 225 2387 nis
250 2336 337 2402 esset,
364 2325 507 2386 ostendit.

319 2425 401 2479 Item:
430 2445 457 2496 p.
486 2425 593 2480 Caenia.
613 2425 647 2480 33
672 2429 750 2495 (qnod
767 2429 847 2492 rum);
864 2426 890 2478 i11
910 2427 963 2480 Pis.
983 2427 1017 2481 85
1042 2429 1096 2496 (qui
1113 2429 1193 2496 (τωο),-
1213 2429 1247 2482 ad

248 2517 306 2568 Att.
326 2514 391 2567 VIII
410 2515 444 2569 15
463 2510 504 2579 A„
525 2515 542 2568 2
561 2516 615 2583 (qui
632 2517 666 2566 si:
685 2515 788 2597 Balbns
808 2516 921 2582 scribit.)

179 2640 182 2644 “
267 2610 388 2672 Forma
412 2608 588 2689 a:(b:A);

267 2717 308 2781 de
331 2739 367 2781 re
391 2740 423 2802 p.
448 2716 502 2780 III
525 2719 582 2780 41:
626 2715 715 2795 Quae
753 2720 783 2779 si
820 2719 1009 2781 consuetudo
1050 2742 1086 2780 ao
1122 2719 1248 2781 lieentia

177 2849 308 2889 itinerare
336 2827 471 2911 eoeperit
500 2826 595 2888 latius
623 2828 854 2909 imperiumque
882 2837 1024 2888 nostrum
1052 2827 1096 2888 ad
1129 2828 1191 2888 nim
1228 2851 1248 2890 a

176 2937 245 2997 inre
273 2934 462 3012 traduxerit,
493 2944 536 3011 ut,
563 2935 620 3016 qui
646 2932 749 2994 adluue
771 2932 931 2995 uoluntate
953 2932 1044 2994 nolis
1069 2933 1245 3012 oboediunt,

121 3062 124 3068 ·
177 3054 296 3104 terrore
319 3053 492 3118 teneantur,
519 3040 706 3114 melundis,
733 3042 847 3124 quiid
874 3043 985 3103 aetatis
1008 3063 1125 3119 santus,
1152 3043 1248 3124 euiqi·

176 3150 276 3212 latum
295 3149 413 3231 j'erest,
438 3160 542 3210 tamen
566 3150 604 3211 de
622 3151 760 3232 posteris
788 3151 904 3210 nostris
929 3160 957 3210 et
979 3149 1017 3210 de
1039 3147 1097 3210 illa
1120 3150 1247 3210 immar-

176 3257 298 3320 talitate
321 3258 370 3318 rei
387 3255 537 3342 publicae
557 3256 719 3337 sollicitor,
746 3278 826 3340 quae
845 3268 973 3340 poterat
996 3278 1060 3318 esse
1080 3267 1245 3340 perpetua,

176 3367 206 3426 si
227 3366 330 3448 patris
354 3366 510 3426 ulo-eretur
532 3366 685 3426 institutis
709 3377 738 3427 et
760 3364 908 3427 moribus.

319 3467 401 3521 Item:
421 3467 456 3520 ad
475 3467 538 3519 sem.
557 3466 624 3519 XIII
645 3467 687 3533 50,
707 3467 811 3535 illqnae
824 3468 904 3534 cerru);
917 3466 969 3519 XV
982 3467 1007 3532 4,
1023 3467 1056 3520 10
1070 3467 1148 3534 (quod
1165 3467 1246 3533 (reru),-

267 3563 330 3625 Pro
355 3562 523 3624 enuntiato
547 3560 684 3624 relativo
710 3560 874 3624 ablativus
898 3559 1084 3625 absolutus:

266 3668 308 3732 ad
332 3668 409 3732 fam.
435 3668 503 3731 XV
529 3670 557 3749 l,
584 3669 618 3730 2:
658 3666 727 3746 Quo
762 3671 873 3731 nuntio
909 3669 1018 3746 allate,
1048 3691 1118 3730 eurn
1149 3679 1247 3730 essent

176 3778 333 3857 nonnulli,
364 3779 421 3860 qui
450 3779 479 3838 el
500 3779 570 3860 reqi
596 3779 749 3839 uuinorem
764 3777 863 3855 fidem
887 3775 1062 3838 habendam
1081 3786 1244 3859 putarent,

175 3874 273 3949 statui
296 3886 540 3969 esspeetandum
564 3907 639 3963 esse,
664 3887 694 3946 si
717 3885 795 3967 quid
818 3886 931 3946 certius
956 3883 1130 3966 affer-retur.

266 4011 314 4074 Et
338 4008 511 4073 eiusdem
535 4017 571 4073 et
595 4009 744 4072 diversi
769 4008 931 4071 ordinis:

266 4149 297 4212 p.
315 4127 410 4190 Roso.
429 4125 470 4189 A.
488 4125 545 4188 61:
577 4124 666 4205 Quae
690 4126 841 4209 quoniam
865 4136 892 4186 te
905 4123 1104 4206 fq‘ellerunt,
1134 4122 1244 4199 Erurei,

1049 4225 1084 4278 ge
