2866 4762
634 300 845 363 -20-

206 481 358 542 tamenin
370 481 511 564 priuatis
526 478 733 542 illustriorem
749 477 907 542 obtinebat
923 479 1025 542 locum
1031 503 1041 554 ,·
1058 478 1091 541 in
1105 477 1176 542 Cat.
1190 475 1207 540 Ι
1220 477 1278 541 29:

206 586 278 670 qu
309 589 339 648 ri
364 586 422 649 loc
450 588 603 671 optimum
621 585 719 669 factu
741 587 928 666 indicarem,
959 597 1066 670 patrea
1094 587 1277 669 conscripti,

210 691 383 757 Catilinam
398 705 496 757 morte
511 693 653 772 multari,
670 695 766 755 unius
782 715 913 756 usuram
928 693 1024 755 dorae
1032 693 1212 776 qladiatori
1224 694 1281 754 isti

206 801 431 863 adnitendum
446 821 509 863 non
526 800 679 863 dedissem
685 824 696 876 ‚-
713 799 754 864 ad
771 799 847 863 fam.
865 800 918 863 XI
934 800 965 881 6,
985 801 1018 863 l:
1045 799 1157 884 Lupus
1173 812 1280 862 noster

206 929 276 970 cum
292 907 428 971 Romam
444 919 528 970 eruto
552 909 604 970 die
621 908 749 970 Mutina
771 910 915 986 uenisset,
938 908 1094 992 postridie
1117 927 1166 969 me
1187 928 1280 969 mane

207 1017 351 1078 convenit
378 1027 494 1099 tuaque
521 1014 601 1077 milri
631 1016 785 1078 mundata
812 1015 1051 1099 diliqentieeime
1078 1016 1224 1098 enpoeuit
1252 1026 1281 1078 et

208 1121 327 1185 litteras
351 1123 500 1185 reddidit.

298 1298 425 1385 Aptum
450 1321 519 1362 esse
535 1299 753 1362 iudicavimus
770 1299 922 1384 exempla
938 1308 1120 1363 structurae
1141 1298 1168 1380 I,
1193 1320 1278 1383 quae

212 1406 352 1471 eundem
377 1428 488 1469 casum
512 1405 748 1469 nominativum
765 1406 926 1491 praebent
942 1408 1118 1492 separatim
1134 1417 1279 1490 pertrac-

209 1525 294 1596 tare,
320 1513 442 1599 quippe
467 1535 551 1598 quae
571 1511 753 1597 peculiares
778 1512 935 1598 quasdam
953 1514 1072 1577 formas
1088 1512 1277 1577 exhibeant.

296 1856 325 1898 a.
351 1833 608 1898 Enuntiatum
634 1835 904 1898 secundarium
928 1834 1210 1919 interponitur:

297 1958 344 2023 Ut
374 1959 408 2022 in
443 1958 577 2044 reliquis
612 1958 707 2022 huius
739 1959 841 2045 partis
870 1958 1037 2044 exemptio,
1074 1959 1278 2022 enuntiatum

206 2065 435 2130 secundarium
460 2066 589 2149 saepius
616 2066 834 2150 interponitur
861 2067 946 2130 inter
973 2075 1083 2150 partes
1117 2064 1278 2129 enuntiati

180 2177 181 2181 ’
205 2174 344 2257 relativi,
380 2173 436 2238 sed
462 2173 503 2237 ab
524 2172 588 2236 illis
609 2173 690 2236 haee
711 2195 749 2237 eo
778 2173 908 2255 distant,
938 2173 1025 2259 quod
1049 2175 1137 2237 notio
1160 2195 1278 2258 prono·

205 2282 302 2345 minis
339 2281 468 2344 relativi
509 2280 578 2343 fere
613 2302 779 2365 nunquam
814 2281 847 2344 in
884 2282 1051 2345 enuntiato
1086 2280 1279 2345 secundario

206 2388 409 2473 exprimitur.
467 2387 606 2466 Deinde,
643 2408 717 2450 eum
746 2388 779 2450 in
807 2387 871 2452 illis
895 2410 1073 2473 pronomen
1104 2387 1278 2451 relativum

206 2517 277 2559 raro
312 2517 435 2558 meram
470 2495 538 2557 vim
572 2494 744 2558 relativam
787 2494 907 2559 habeat
943 2494 989 2572 (in
1024 2495 1066 2560 28
1107 2495 1277 2580 exemplis,

206 2612 333 2666 tantum
359 2597 417 2664 qus
437 2601 500 2665 hoo
515 2601 577 2683 fit),
605 2602 638 2665 in
654 2601 705 2666 his
722 2602 854 2687 quidem
870 2603 1059 2687 saepissime
1075 2602 1108 2666 id
1125 2603 1277 2666 occurrit.

296 2764 379 2829 Cum
417 2763 546 2828 relativi
585 2764 784 2850 pronominis
828 2773 978 2829 naturam
1023 2764 1276 2845 consideramuS,

207 2872 288 2936 haee
312 2873 455 2958 perspici
478 2881 626 2957 possunt:

298 3055 326 3116 l.
351 3051 539 3116 Relativum
571 3085 607 3094 -
638 3061 674 3115 ut
702 3053 767 3116 iam
795 3053 865 3115 dixi
890 3091 933 3100 —
957 3053 1024 3114 vim
1047 3073 1170 3114 meram
1197 3050 1277 3114 rela-

208 3162 310 3222 tivam
326 3159 477 3244 praebet3
502 3158 587 3244 quod
605 3180 679 3223 cum
696 3159 742 3237 fit,
759 3160 942 3244 pronomini
957 3158 1095 3222 relativo
1113 3158 1279 3222 antecedit

207 3266 336 3351 saepius
367 3288 542 3350 pronomen
569 3265 733 3351 quoddam
758 3266 1049 3330 demonstrativum
1085 3265 1137 3329 vel
1165 3265 1277 3329 indefi-

206 3373 310 3437 nitum
345 3372 398 3436 vel
430 3373 596 3437 numerale
620 3373 673 3436 vel
701 3375 970 3457 interrogativum
1001 3374 1055 3437 vel
1091 3374 1276 3458 personale:

205 3483 243 3561 ie,
268 3479 329 3559 liic,
356 3480 418 3560 ille,
443 3501 542 3558 nemo,
566 3483 746 3564 qnisquam,
771 3482 900 3567 aliquia,
925 3483 1018 3545 multi
1039 3491 1100 3545 oet.
1125 3482 1230 3546 velut:

295 3609 327 3673 p.
344 3587 440 3651 Rosa.
457 3586 499 3650 A.
516 3587 574 3652 65:
600 3588 702 3652 Nemo
727 3592 809 3652 enim
831 3589 967 3674 putabat
989 3611 1177 3674 quemquam
1202 3612 1276 3667 esse,

207 3697 274 3780 qui,
299 3717 368 3758 eum
394 3697 500 3758 omniu
524 3696 634 3759 divino
650 3709 744 3780 atque
766 3697 906 3760 humano
925 3700 999 3760 iura
1022 3699 1135 3760 scelere
1151 3697 1276 3778 adacto

206 3803 383 3887 polluisset,
397 3825 540 3866 somnum
553 3807 659 3866 atatim
675 3827 786 3888 capere
794 3808 965 3890 potuieeet;
982 3806 1015 3868 in
1028 3806 1122 3870 Verr.
1137 3805 1205 3869 1.ss
1219 3805 1276 3869 81:

206 3912 353 3994 reperies,
379 3912 483 3990 credo,
505 3911 653 3994 aliquem,
672 3916 737 3995 qui,
755 3935 825 3976 cum
840 3913 915 3976 daec
931 3915 1044 3996 uideat,
1064 3926 1212 3997 quaerut·
1236 3912 1276 3975 de

206 4018 262 4080 fin.
279 4017 328 4080 IV
345 4017 403 4082 26:
438 4021 605 4102 omniaque
633 4041 679 4101 ea,
710 4042 801 4104 qnae,
830 4022 1000 4084 secundum
1028 4035 1176 4085 naturum
1207 4044 1278 4083 cum

206 4129 281 4207 rint,
305 4125 410 4189 absint
433 4149 453 4188 a
476 4139 586 4190 nootra
606 4141 768 4212 potentate.
