2866 4762
598 276 832 339 —116—

158 486 161 492 1
178 457 392 540 quoniamque
410 456 497 518 eides
512 477 603 517 uerna
619 477 683 518 eoae
699 457 807 518 omnia
824 505 830 518 .
850 505 856 517 .
876 502 882 517 .
901 477 992 538 quem
1007 456 1083 518 dedi
1100 454 1249 540 putabas,

177 563 309 645 defendi
323 562 488 646 iutelleqia,
514 584 592 647 quos
613 564 787 626 tradituros
803 562 965 646 sperabas,
990 563 1077 625 eides
1093 563 1246 639 iudicare,

176 673 303 733 restitue
326 669 417 733 uobis
445 670 620 754 aliquando
649 683 781 734 ueterem
808 683 895 732 tuam
923 671 1014 733 illam
1042 671 1248 732 calliditatem

177 790 271 862 atque
297 779 501 862 prudentiam
529 789 584 840 aut
611 778 754 859 confitere
782 777 841 838 huo
864 799 902 840 ea
925 799 979 862 spe
1002 779 1133 857 uertisse,
1164 779 1250 860 quod

176 897 307 970 putares
330 885 381 947 liic
405 885 616 967 latrocinium,
641 907 705 947 nou
729 886 884 947 iudicium
898 884 1061 967 futurum.

267 992 388 1056 Forma
411 1014 449 1055 a:
468 991 597 1069 (b:A):

268 1099 310 1162 ad
327 1099 396 1162 Aa.
413 1098 466 1162 IX
490 1100 541 1181 11,
562 1101 594 1161 1:
624 1100 710 1182 quod
732 1121 802 1161 cunr
826 1120 842 1161 e
864 1101 985 1161 uiatore
1009 1099 1149 1181 quodam
1173 1109 1250 1160 esset

178 1208 332 1284 auditum,
370 1209 427 1290 qui
453 1228 484 1268 se
512 1208 628 1269 diceret
655 1228 724 1268 eum
759 1204 815 1282 (sc.
846 1201 1037 1284 Lentulum)
1066 1208 1101 1266 iu
1124 1208 1247 1289 Appia,

178 1335 247 1376 cum
266 1317 294 1375 is
310 1312 456 1396 paullum
471 1312 612 1376 lecticam
622 1309 813 1395 aperuisset,
840 1335 998 1396 coquosse,
1023 1316 1082 1375 etsi
1096 1316 1150 1375 aiu
1172 1315 1248 1375 ceri·

179 1420 290 1500 utnulla,
315 1422 390 1482 aciei
412 1430 516 1482 tamea
535 1419 685 1483 Puteolos
707 1441 834 1504 pueros,
861 1422 918 1504 qui
938 1422 1196 1504 peruertiqarent,
1222 1433 1252 1482 et

179 1529 222 1590 ad
245 1549 313 1591 eum
337 1527 467 1590 litterae.

179 1758 436 1822 Enuntiatum
460 1757 672 1821 relativum
701 1767 759 1820 est
786 1758 1031 1821 enuntiatum
1064 1757 1249 1822 substan·

366 1875 488 1938 tivum
512 1883 577 1938 aut
601 1875 861 1957 interrogatio
886 1873 1059 1959 obliqua.

269 2016 418 2081 Eandem
430 2026 627 2081 structuram
637 2017 690 2078 HI
699 2016 859 2101 praebent
872 2015 935 2080 loci
945 2017 1250 2104 comprehensiones

179 2123 383 2205 exhibentes,
408 2146 492 2208 quae
521 2146 564 2187 ex
592 2123 693 2188 verbo
718 2134 774 2187 aut
798 2124 894 2187 simili
919 2123 1061 2209 quadam
1086 2124 1249 2189 locutione

179 2240 330 2297 constant
354 2242 387 2294 et
414 2253 456 2294 en
480 2232 649 2296 enuntiato
681 2231 887 2296 substantivo
912 2231 965 2296 vel
994 2233 1249 2317 interrogatione

179 2338 322 2423 obliqua,
348 2337 454 2401 velut:

268 2443 358 2508 Lael.
381 2444 439 2508 99:
478 2443 572 2523 Quod
594 2457 628 2507 ut
655 2468 693 2509 ue
718 2448 842 2509 accidat
863 2449 966 2530 maqis
990 2449 1164 2511 cauendum
1192 2460 1250 2525 ost3

179 2553 219 2617 de
232 2561 298 2616 nat.
313 2552 400 2616 deor.
415 2551 520 2616 1152:
540 2550 628 2631 Quae
641 2574 736 2636 quam
749 2553 843 2637 loaqa
858 2557 899 2617 rit
910 2577 1027 2636 maqua
1041 2558 1183 2638 quaestio
1197 2567 1250 2618 est,

268 2659 465 2723 Huiusmodi
481 2660 659 2742 enuntiata,
683 2680 757 2724 cum
769 2660 837 2723 fere
854 2682 982 2746 semper
996 2661 1180 2726 subiectum
1193 2671 1250 2725 aut

179 2767 344 2832 obiectum
357 2767 518 2831 enuntiati
534 2767 680 2851 primarii
698 2768 894 2851 exprimant,
920 2769 1100 2833 arctissime
1118 2791 1192 2833 oum
1213 2791 1252 2832 eo

179 2876 346 2939 enuntiato
369 2872 624 2957 coniunguntur3
649 2895 714 2958 qna
737 2895 772 2937 re
797 2897 839 2938 ex
863 2874 924 2938 hac
948 2877 1102 2940 orationis
1126 2877 1251 2941 eonfor-

178 2983 321 3046 matione
340 3004 473 3068 perraro
486 2983 649 3046 exsistunt
662 2980 790 3067 amplae
803 2984 1119 3068 comprehensiones,
1138 2984 1253 3069 quales

179 3112 276 3175 saepe
293 3091 326 3153 in
343 3088 478 3175 reliquis
494 3088 654 3174 exemplis
670 3111 769 3174 supra
785 3089 892 3155 allatis
909 3112 1079 3156 occurrere
1092 3090 1252 3172 vidimus3

179 3198 387 3281 disponemus
410 3197 512 3281 igitur
534 3196 630 3260 huius
653 3198 782 3281 generis
807 3198 959 3283 exempla
982 3221 1046 3263 non
1071 3198 1251 3263 seeundum

179 3314 328 3369 naturam
353 3305 492 3389 protasis
517 3314 549 3368 et
576 3303 737 3389 epodosis‚
762 3313 798 3368 ut
821 3305 990 3391 bucusque
1014 3307 1162 3390 fecimus,
1194 3306 1251 3371 sed

179 3411 460 3477 considerabimus
487 3422 597 3476 utrum
625 3413 831 3477 enuntiatum
859 3413 1033 3478 relativum
1067 3413 1252 3479 subiectum

179 3543 220 3584 an
245 3519 410 3584 obiectum
433 3520 476 3583 sit
500 3521 661 3584 enuntiati
685 3520 841 3605 primarii.

270 3626 362 3706 Quae
386 3626 469 3691 ratio
494 3627 580 3691 iuter
603 3628 661 3691 has
685 3628 988 3712 comprehensiones
1012 3629 1197 3693 intercedat
1221 3638 1253 3692 et

180 3757 235 3798 eas
252 3757 335 3820 quae
360 3743 556 3798 structuram
574 3734 591 3797 I
614 3735 774 3819 praebent
791 3737 1002 3821 exposuimus
1018 3737 1083 3800 iam
1105 3737 1138 3800 in
1156 3737 1252 3822 primi

181 3844 300 3927 capitis
323 3864 378 3927 pg.
400 3843 444 3905 42
461 3863 531 3927 sqq.

270 3968 486 4032 Ennntiatum
510 3966 684 4033 relativum
710 3979 773 4032 est:

272 4112 298 4172 1.
326 4110 584 4175 Enuntiatum
609 4109 918 4191 substantivum,
944 4110 1045 4195 quod:
