2866 4762
610 244 820 307 -90-

264 419 331 480 Pro
353 419 526 480 Ablativo:

265 537 388 603 Omnes
404 538 501 602 huius
516 537 726 625 generislooi
742 538 845 603 solum
859 537 1065 602 enuntiatum
1077 538 1252 602 relativum

175 647 208 709 in
232 647 356 731 protasi
381 645 551 710 exhibent:

266 763 350 837 part.
365 763 444 817 orat.
460 753 517 817 69:
535 755 621 837 quod
643 775 714 815 eum
738 752 837 816 lutum
850 774 950 836 88888
967 774 1032 814 8888
1046 765 1148 836 potest
1163 775 1251 816 8888-

175 882 237 944 888
259 863 396 940 8888888,
423 883 522 922 88888
546 882 584 922 88
608 882 642 922 88
660 860 839 944 8818888888,
867 860 954 942 quod
971 868 1004 923 et
1020 881 1050 944 q.
1068 881 1093 923 s.
1115 857 1188 944 (pro
1209 882 1251 924 ex

173 990 249 1053 quo,
267 990 341 1032 oum
359 964 420 1048 (id)
438 1018 444 1030 .
465 967 501 1048 .);
526 990 558 1052 p.
576 967 705 1032 Cluent.
724 968 781 1032 33:
807 990 888 1052 8888
905 990 975 1030 cum
992 990 1024 1030 88
1040 990 1103 1032 8888
1119 991 1248 1054 888888-

173 1078 279 1154 888888,
305 1076 344 1138 ab
362 1098 397 1138 88
412 1079 532 1159 petiuit,
558 1088 593 1139 ut
613 1085 646 1140 et
662 1098 693 1161 q.
711 1098 735 1139 s.
754 1072 841 1161 (proz
872 1098 892 1138 a
912 1098 987 1160 qua,
1009 1097 1083 1139 oum
1105 1098 1140 1140 se
1163 1125 1170 1139 .
1191 1127 1197 1140 .
1216 1076 1248 1156 .).

315 1177 398 1232 Item:
417 1176 487 1230 Phil.
505 1177 566 1232 138
585 1179 661 1248 (8888
679 1185 790 1249 potestus
807 1178 852 1245 888
873 1176 906 1231 de
926 1184 981 1230 nat.
1002 1176 1075 1231 deor.
1095 1177 1156 1231 112
1175 1183 1251 1250 (8888

245 1268 424 1338 8888888888);
445 1267 479 1320 22
499 1269 576 1338 (8888
594 1268 636 1335 εἰ).

262 1414 301 1478 In
321 1416 495 1479 ⁴enuntiato
520 1413 658 1478 relativo
683 1415 893 1498 interrogatio
917 1413 1064 1499 obliqua:

262 1523 296 1586 in
315 1522 409 1586 Verr.
434 1521 454 1585 l.
478 1521 530 1586 ΠΙ
548 1522 607 1587 59:
633 1525 692 1606 qui
712 1523 976 1606 quemadmodum
998 1534 1098 1586 888888
1117 1525 1249 1608 accepti,

172 1630 443 1711 tudteeu,audu‘otir
455 1652 493 1692 88
502 1632 583 1715 iptio
591 1654 601 1705 ,·
612 1626 750 1714 (prozex
756 1628 886 1714 quibus,
896 1628 1170 1713 quemadmodum
1184 1679 1191 1693 .
1204 1681 1211 1694 .
1225 1654 1249 1711 .;

172 1737 252 1822 ipsis
275 1759 334 1823 pro
357 1737 397 1802 iis
421 1737 515 1823 ipsis;
541 1738 582 1801 de
605 1738 760 1821 interrog.
785 1736 849 1801 obl.
868 1737 910 1801 of.
929 1758 982 1821 pg.
1000 1733 1073 1818 48);

262 1897 449 1983 Conspioua
472 1900 601 1963 exsistit
625 1899 849 1976 conformatio,
886 1920 961 1962 oum
993 1920 1052 1984 pro
1081 1899 1249 1962 enuntiato

171 2005 310 2069 relativo
334 2004 500 2070 ablativus
525 2005 700 2070 absolutus>
718 2006 867 2090 ponitur:

263 2112 374 2176 defin.
392 2113 423 2176 V
443 2112 496 2176 17:
527 2112 637 2176 Totius
662 2115 744 2176 euim
769 2115 1038 2197 quaestionis...
1057 2113 1139 2195 four
1159 2135 1248 2198 repe-

171 2222 301 2284 8888888
325 2233 380 2300 888,
410 2223 445 2282 iu
471 2243 532 2304 888
557 2224 620 2283 siat
640 2223 749 2305 prima
772 2223 978 2284 invitamenta
1002 2233 1152 2296 uuturue‚·
1188 2243 1250 2304 888

171 2331 296 2391 8888888
322 2331 422 2391 omme
448 2327 487 2389 ab
512 2351 545 2392 88
570 2331 664 2413 88888
687 2331 790 2412 cupite
814 2330 851 2392 de
875 2351 995 2392 rumino
1020 2328 1100 2391 bono
1123 2339 1153 2392 et
1167 2329 1249 2390 malo

173 2438 346 2520 disputatio
371 2439 498 2498 ducitur
525 2437 597 2520 (pro
621 2437 678 2521 qui
702 2458 776 2500 oum
801 2436 954 2500 inventus
980 2445 1053 2500 est.
1072 2485 1079 2499 .
1098 2458 1121 2515 .;
1151 2445 1248 2520 atque

172 2543 206 2606 id
231 2544 307 2628 poni
331 2553 438 2628 potest
461 2565 534 2628 pro:
560 2568 580 2607 a
604 2567 678 2629 888,
703 2567 777 2608 oum
802 2544 955 2608 inventus
980 2552 1029 2609 est
1046 2594 1053 2608 .
1073 2593 1079 2607 .
1099 2543 1131 2622 .).

173 2895 200 2937 8.
236 2873 467 2938 Relativum
496 2876 613 2938 sumit
641 2895 770 2938 nasum
795 2873 982 2939 attributi
1010 2883 1076 2938 aut
1104 2874 1248 2939 obieoti

173 2991 369 3054 enuntiati
392 2991 618 3055 secundarii
645 3013 714 3075 pro
745 3013 835 3055 oasu
866 2990 1015 3055 obieoti
1042 3000 1108 3055 aut
1136 2992 1248 3055 attri-

454 3107 539 3172 buti
563 3107 758 3170 enuntiati
782 3108 969 3192 primarii.

266 3249 403 3334 Aliquot
427 3258 554 3313 tantum
577 3250 673 3314 huius
700 3251 830 3334 generis
858 3250 1043 3315 invenimus
1070 3249 1173 3314 locos:

265 3412 456 3476 Genetivus
481 3411 626 3494 ponitur:

269 3536 341 3599 Pro
366 3535 515 3600 dativo:

263 3645 297 3707 in
313 3642 407 3707 Verr.
425 3642 478 3707 ΙΠ
497 3644 553 3707 13:
571 3645 759 3727 Perpuuuue
776 3643 908 3708 Siciliae
924 3647 1064 3708 88888888
1080 3657 1154 3710 mm
1169 3645 1247 3709 tem

173 3775 191 3812 a
216 3751 391 3814 8888888888
414 3753 532 3815 uostris
555 3751 718 3828 88888888·
743 3774 879 3836 quorum
902 3775 978 3837 8888
998 3775 1069 3815 eum
1093 3765 1170 3817 eruet
1186 3776 1247 3838 pu·

174 3856 275 3921 tuem
295 3859 413 3944 populi
429 3859 570 3922 Romum'
582 3859 707 3940 foetur,
732 3872 835 3923 tumen
858 3860 924 3923 tutu
947 3872 993 3923 eut
1013 3861 1157 3924 redditum
1180 3853 1246 3946 (po-

173 3973 257 4027 terat
273 3965 353 4030 diei:
373 3966 502 4051 quibus7
525 3988 599 4029 oum
617 3988 727 4030 earum
746 4016 752 4030 .
772 4016 778 4030 .
798 3961 835 4048 .)3
860 3967 900 4030 de
917 3967 983 4031 div.
1002 3967 1018 4030 I
1034 3967 1091 4032 32:
1121 3967 1170 4032 Eu
1186 3990 1246 4053 888

164 4071 293 4153 fuctum
317 4085 361 4136 est
384 4086 418 4136 ut
441 4095 511 4137 eum
535 4075 578 4135 ud
593 4096 624 4136 88
640 4097 695 4136 888
711 4065 845 4137 Priscus
865 4086 1049 4150 arcesserem
1073 4078 1163 4138 88888
1179 4097 1247 4138 oum
