2866 4762
601 223 872 340 -204-Ι

270 453 301 516 3.
328 452 438 517 Unum
462 475 590 534 nomen,
620 453 707 539 quod
734 453 769 516 in
793 465 928 537 utroque
954 450 1120 520 enuntiato
1145 450 1253 536 aliquo

180 581 314 624 munere
339 560 502 644 fungatur.

272 667 312 730 In
336 676 498 732 structura
520 667 538 730 I
561 676 670 734 autem
692 689 826 731 necesse
851 679 913 730 est:

273 775 301 837 1.
328 774 375 838 Ut
387 775 591 838 enuntiatum
602 774 828 838 secundarium
845 774 930 837 inter
947 783 1055 858 partes
1076 771 1254 842 collocetur

180 881 338 965 primarii3

269 989 299 1052 2.
325 989 434 1053 Unum
458 1011 576 1053 nomen
597 990 639 1052 sit
655 988 740 1074 quod
758 989 791 1051 in
808 997 942 1074 utroque
960 987 1127 1052 enuntiato
1144 986 1253 1073 aliquo

180 1118 312 1160 munere
336 1096 498 1179 fungatur.

227 1431 233 1445 ,
305 1357 362 1426 52.
392 1357 470 1431 Quae
488 1357 567 1411 ratio
587 1356 668 1411 lnter
685 1359 749 1412 tres
768 1359 936 1411 structuras
954 1356 1131 1411 intercedat.

269 1488 445 1573 Postquam
481 1487 730 1572 explanavimus
764 1488 925 1573 quomodo
966 1503 1031 1553 tres
1070 1499 1251 1552 structurae

180 1595 375 1677 exstiterint,
399 1595 464 1659 iam
488 1595 658 1659 videamus
682 1617 765 1681 quae
789 1595 970 1659 intercedat
984 1596 1070 1660 inter
1086 1618 1142 1660 eas
1157 1597 1250 1661 ratic.

268 1739 360 1802 Inter
393 1748 576 1810 structuras
601 1739 618 1803 I
646 1752 678 1803 et
701 1739 736 1802 Π
764 1739 842 1825 quid
866 1740 993 1804 intersit
1016 1749 1162 1825 apertum
1188 1754 1250 1804 est:

269 1845 434 1925 Quantum
458 1845 500 1909 ad
524 1868 652 1910 sensum
677 1847 818 1931 pertinet
841 1845 923 1910 nihil
939 1847 1002 1911 nisi
1018 1847 1104 1932 quod
1120 1847 1252 1911 relativi

178 1954 267 2018 notio
297 1954 477 2018 communis
505 1953 539 2016 in
570 1964 731 2017 structura
755 1953 771 2015 Ι
800 1975 873 2017 cum
903 1953 1005 2017 verbo
1028 1955 1194 2038 primarie,
1218 1957 1251 2018 in

179 2074 340 2125 structura
363 2060 399 2123 H
422 2082 495 2124 cum
520 2060 622 2124 verbo
639 2060 832 2124 secundario
849 2061 1072 2144 coniungitur3
1096 2063 1251 2127 orationis

178 2183 285 2233 autem
322 2169 578 2232 conformatione
614 2167 824 2252 permultum3
860 2191 935 2232 nam
972 2169 1006 2231 in
1041 2182 1205 2233 structura
1235 2170 1250 2232 I

178 2276 424 2358 comprehensio
440 2274 580 2338 relativa
596 2276 746 2356 occurrit,
771 2297 855 2360 quae
872 2297 915 2339 ex
930 2276 1097 2339 enuntiato
1112 2276 1250 2340 relativo

179 2382 331 2465 primario
356 2394 492 2463 constat,
517 2383 602 2445 inter
618 2383 708 2445 cuius
729 2393 837 2465 partes
854 2381 1033 2450 collocatur
1048 2385 1251 2448 enuntiatum

160 2489 264 2575 'quod
289 2489 331 2553 ab
352 2488 408 2552 illo
426 2488 561 2572 pendet;
586 2488 704 2553 deinde
723 2512 899 2574 pronomen
915 2489 1089 2554 relativum
1106 2491 1251 2576 sequitur

178 2597 450 2661 constructionem
483 2596 642 2661 enuntiati
672 2598 817 2681 primarii
846 2606 878 2661 et
901 2599 935 2661 in
959 2597 1151 2662 secundario
1175 2598 1250 2662 sub-

178 2704 307 2768 auditur
324 2705 392 2768 eius
409 2704 498 2768 notio
518 2715 574 2768 aut
586 2705 779 2789 exprimitur
790 2705 981 2790 pronomine
994 2704 1249 2770 demonstrativo

178 2811 233 2876 vel
256 2810 433 2896 personali;

266 2921 300 2982 in
324 2930 485 2983 structura
508 2919 543 2983 ΙΙ
567 2929 691 2983 autem:

269 3029 298 3091 1.
322 3025 509 3090 Relativum
522 3026 667 3112 sequitur
677 3027 951 3090 constructionem
968 3027 1127 3091 enuntiati
1137 3049 1249 3091 secun·

177 3134 260 3199 darii
277 3143 309 3199 et
326 3135 393 3198 eius
410 3135 498 3198 notio
511 3133 704 3198 subauditur
715 3145 771 3198 aut
787 3134 980 3219 exprimitur
996 3134 1249 3198 demonstrativo

177 3242 232 3312 vel
255 3240 418 3326 personali
442 3241 474 3304 in
499 3241 666 3305 enuntiato
690 3242 857 3326 primario3

178 3414 181 3418 .
267 3351 297 3413 2.
323 3347 577 3433 Comprehensio
588 3348 728 3413 relativa
736 3358 863 3414 constat
875 3372 918 3413 ex
930 3350 1097 3415 enuntiato
1109 3349 1249 3414 relativo

177 3457 263 3544 quod
298 3456 552 3541 anteponitur
584 3469 616 3520 et
651 3457 736 3542 quod
766 3457 827 3521 bis
856 3456 998 3540 pendet
1026 3469 1059 3521 et
1082 3458 1249 3521 enuntiato

177 3566 339 3650 primario,
354 3565 439 3650 quod
453 3564 659 3650 subsequitur
671 3574 703 3628 et
715 3564 801 3650 quod
814 3564 951 3629 relative
964 3564 997 3642 (i.
1009 3587 1036 3630 e.
1045 3565 1247 3649 germanice:

175 3671 379 3750 relativisch)
402 3694 467 3736 non
494 3694 551 3756 per
574 3694 618 3751 se,
644 3694 839 3758 quamquam
864 3685 913 3736 est
934 3671 1165 3758 primarium1),
1190 3671 1248 3736 sed

177 3803 234 3863 per
258 3781 459 3844 enuntiatum
484 3779 658 3843 relativum
682 3781 889 3864 coniungitur
912 3803 985 3845 oum
1010 3781 1057 3845 eis
1080 3803 1164 3866 quae
1188 3782 1249 3844 toti

179 4038 182 4042 '
266 4027 287 4093 ¹)
307 4026 374 4080 Cum
393 4025 550 4095 primarium
564 4025 685 4092 dicimus,
704 4025 886 4097 intellegimus
900 4032 1006 4080 tantum
1019 4028 1075 4080 eius
1088 4026 1249 4081 relationem

177 4115 211 4168 ud
232 4115 399 4168 enuntiatum
418 4114 570 4168 relativum.
1139 4123 1141 4126 '
