2866 4762
604 266 815 330 ..19-

267 444 307 507 In
329 444 378 507 his
402 442 531 508 duobus
547 443 627 507 locis
651 466 715 508 non
733 453 821 508 certo
838 444 905 508 dici
919 452 1037 529 potest,
1063 444 1128 507 utri
1149 466 1248 507 enun-

177 551 257 614 tiato
278 549 455 614 relativum
472 551 703 636 apponendum
719 553 772 615 sit.
820 551 915 615 Talia
939 550 1090 637 exempla
1107 551 1248 635 quodam

175 657 271 721 modo
288 657 395 721 locum
410 658 555 721 medium
567 667 680 722 tenent
696 659 781 722 inter
795 659 892 743 primi
909 669 942 722 et
962 659 1098 722 secundi
1117 659 1247 742 generis

177 764 339 850 exempla.
386 765 454 829 Nos
478 787 566 845 vero,
591 767 860 850 quotiescumque
885 765 966 830 tales
987 764 1105 829 dubias
1122 765 1247 829 confor-

176 872 335 936 mationes
358 872 554 954 invenimus,
583 873 708 937 ratione
743 873 973 937 usitatissimae
1003 864 1258 937 consuetudinis

177 978 298 1063 habita,
323 1002 389 1065 qua
412 981 542 1065 saepius
569 979 744 1044 relativum
765 1002 839 1044 cum
858 982 1025 1044 enuntiato
1054 979 1247 1044 secundario

177 1087 396 1171 coniungitur,
422 1088 596 1151 statuimus
621 1109 676 1151 eas
702 1096 898 1151 structuram
916 1086 950 1150 II
974 1086 1141 1172 praebere.

269 1194 378 1274 Quare
414 1195 583 1258 fatendum
617 1193 713 1258 nobis
742 1205 791 1258 est
817 1206 924 1277 notaS,
960 1195 1078 1281 quibus
1113 1195 1155 1258 ad
1186 1194 1250 1258 dis-

178 1301 335 1387 ponenda
359 1301 511 1386 exempla
534 1302 585 1365 usi
607 1302 717 1381 simus,
742 1324 807 1365 non
831 1323 959 1387 semper
988 1303 1119 1367 omnino
1145 1312 1250 1366 certas

178 1431 264 1490 csse,
288 1431 363 1473 nam
377 1418 535 1494 quantum
549 1409 591 1473 ad
604 1431 735 1473 sensum
747 1410 898 1494 pertinet,
916 1432 1014 1494 saepe
1030 1430 1094 1473 non
1110 1408 1249 1474 multum
1284 1478 1288 1484 ⁸

178 1518 323 1596 interest,
341 1526 450 1581 utrum
467 1517 642 1581 relativum
659 1540 734 1581 cum
751 1519 918 1581 enuntiato
936 1519 1091 1603 primario
1117 1541 1158 1582 an
1175 1539 1249 1581 oum

178 1623 371 1688 secundario
407 1625 632 1708 coniungatur.
681 1625 769 1688 Fieri
799 1626 899 1709 igitur
934 1635 1043 1710 potest
1070 1635 1108 1689 ut
1131 1624 1249 1711 aliquis

178 1731 273 1796 aliter
298 1731 464 1794 existimet
488 1731 529 1795 de
545 1753 609 1795 uno
626 1731 679 1795 vel
696 1731 799 1795 altero
824 1731 988 1817 exemp103
1019 1732 1052 1797 id
1076 1733 1114 1797 fit
1138 1755 1249 1797 neces·

178 1839 273 1921 sario,
298 1840 376 1924 quia
398 1861 450 1902 res
474 1839 546 1923 ipsa
570 1861 628 1902 sua
652 1851 769 1903 natura
792 1838 894 1903 dubia
918 1850 977 1903 est.

267 1944 370 2010 Nobis
382 1959 491 2009 autem
504 1946 615 2029 magni
625 1946 781 2009 momenti
794 1955 863 2009 erat
875 1945 936 2010 hoc
950 1955 1075 2009 tanturn
1087 1955 1248 2010 statuere:

177 2075 348 2117 occurrere
385 2053 541 2116 orationis
577 2053 858 2136 conformationes,
895 2055 928 2117 in
963 2052 1092 2139 quibus,
1121 2075 1195 2117 cum
1217 2065 1249 2117 et

178 2162 212 2224 in
249 2171 387 2245 utroque
428 2161 595 2224 enuntiato
630 2160 717 2224 idem
753 2172 802 2224 est
835 2183 929 2225 casus
966 2162 1187 2225 nominativus
1217 2173 1249 2225 ct

178 2269 383 2332 enuntiatum
420 2268 649 2331 secundarium
686 2269 914 2353 interponitur,
949 2291 1126 2355 pronomen
1165 2269 1248 2332 rela-

179 2376 285 2438 tivum
302 2397 377 2438 cum
393 2376 561 2439 enuntiato
578 2375 771 2440 secundario
793 2377 1010 2460 coniungatur
1026 2388 1058 2440 et
1075 2378 1144 2440 eius
1160 2377 1247 2440 notio

178 2482 395 2546 subaudiatur
418 2484 452 2546 in
477 2483 645 2547 enuntiato
669 2483 872 2548 secundario.

267 2589 360 2669 Quae
383 2613 482 2675 supra
506 2590 649 2654 diximus
678 2591 911 2655 confirmantur
947 2592 1046 2654 etiam
1075 2613 1122 2673 ec,
1159 2590 1246 2676 quod

179 2696 293 2760 eadem
311 2697 435 2782 duplex
452 2698 610 2762 orationis
623 2698 836 2761 conformatio
853 2699 995 2763 occurrit
1011 2720 1085 2761 oum
1102 2707 1159 2761 aut
1175 2720 1248 2782 pro·

176 2826 294 2868 nomen
327 2804 619 2869 demonstrativum
653 2805 707 2869 vel
734 2804 904 2889 personale
939 2815 996 2869 aut
1024 2827 1140 2870 nomen
1171 2804 1248 2869 sub-

179 2912 359 2975 stantivum
383 2922 574 2998 usurpatur:

272 3022 299 3082 1.
317 3020 501 3083 Pronomen
520 3019 812 3084 demonstrativum
829 3019 882 3083 vel
898 3018 1068 3103 personale
1092 3029 1148 3083 aut
1172 3021 1248 3084 sub-

180 3126 358 3190 stantivum
383 3127 593 3210 coniungitur
616 3148 690 3190 cum
714 3127 882 3205 enuntiato
906 3127 1076 3211 primario:

268 3233 309 3298 de
334 3255 379 3296 or.
396 3233 431 3296 Π
449 3234 528 3297 174:
552 3234 655 3308 Haec,
678 3247 713 3297 at
729 3233 908 3297 brevissime
924 3235 990 3298 dc’cc'
1000 3247 1184 3319 potuerant,
1202 3238 1248 3297 c'ta

179 3366 198 3403 a
214 3363 262 3404 rac
279 3343 364 3404 dc'cta
379 3354 470 3418 ὅππη
494 3342 546 3404 ad.
564 3341 640 3404 fam.
660 3340 739 3405 XII.
757 3341 826 3424 93:
843 3340 924 3419 Noc,
944 3342 1117 3424 confectura
1134 3342 1248 3405 bellam

177 3470 248 3511 caru
267 3461 465 3534 putaremus,
490 3461 616 3534 reperite
639 3473 659 3511 a
676 3449 798 3533 Lepido
823 3461 876 3512 tac
901 3452 935 3512 irc
958 3472 1111 3511 summam
1131 3450 1247 3512 sollici-

176 3557 317 3619 tudiuem
343 3578 451 3618 carcaa
480 3558 625 3631 adducta
653 3556 694 3620 de
711 3557 795 3620 dom.
820 3556 899 3621 102:
928 3558 972 3620 M.
996 3557 1141 3637 Flaccus,
1171 3561 1247 3641 qac'a

176 3685 246 3725 curu
270 3661 302 3725 C.
324 3661 478 3743 Graccdc,
510 3676 619 3726 contra
648 3663 780 3726 salutern
807 3667 856 3726 rcc'
877 3663 1029 3749 publicae
1047 3665 1184 3746 fecerat,
1211 3688 1248 3727 ecc

175 3783 302 3833 acuatur
326 3773 480 3833 ccatcatc'a
503 3784 547 3834 cat
569 3769 760 3852 interfectas.

267 3877 297 3940 2.
338 3877 522 3940 Pronomen
562 3877 854 3941 demonstrativum
894 3876 949 3940 vel
982 3877 1154 3962 personale
1189 3888 1246 3942 aut

176 3983 420 4048 substantivum
445 3986 655 4068 coniungitur
678 4007 751 4049 cum
777 3986 946 4049 enuntiato
971 3986 1178 4050 secundario:

266 4091 321 4155 Br.
336 4092 417 4156 238:
443 4093 494 4156 dc'c
517 4097 575 4156 eta·
597 4095 691 4156 etiam
713 4097 748 4156 irc
766 4098 870 4156 caucia
884 4094 1023 4178 publicis
1037 4095 1246 4179 probabatur,

1050 4196 1086 4248 2*
