<?xml version="1.0" encoding="UTF-8"?>
<!DOCTYPE html PUBLIC "-//W3C//DTD XHTML 1.0 Transitional//EN"
    "http://www.w3.org/TR/xhtml1/DTD/xhtml1-transitional.dtd">
<html xmlns="http://www.w3.org/1999/xhtml" xml:lang="en" lang="en">
 <head>
  <title>
</title>
<meta http-equiv="Content-Type" content="text/html;charset=utf-8" />
  <meta name='ocr-system' content='tesseract 3.04.00' />
  <meta name='ocr-capabilities' content='ocr_page ocr_carea ocr_par ocr_line ocrx_word'/>
</head>
<body>
  <div class='ocr_page' id='page_1' title='image "./decomprehension00mihagoog_0172.png"; bbox 0 0 2866 4762; ppageno 0'>
   <div class='ocr_carea' id='block_1_1' title="bbox 542 280 772 345">
    <p class='ocr_par' dir='ltr' id='par_1_1' title="bbox 542 280 772 345">
     <span class='ocr_line' id='line_1_1' title="bbox 542 280 772 345; baseline 0 -1"><span class='ocrx_word' id='word_1_1' title='bbox 542 280 772 345; x_wconf 74' lang='lat'>—167-</span> 
     </span>
    </p>
   </div>
   <div class='ocr_carea' id='block_1_2' title="bbox 107 451 1191 2665">
    <p class='ocr_par' dir='ltr' id='par_1_2' title="bbox 115 451 1191 736">
     <span class='ocr_line' id='line_1_2' title="bbox 117 451 1191 542; baseline 0.002 -21"><span class='ocrx_word' id='word_1_2' title='bbox 117 457 245 542; x_wconf 88' lang='lat' dir='ltr'><strong>Haupt·</strong></span> <span class='ocrx_word' id='word_1_3' title='bbox 268 459 347 522; x_wconf 92' lang='lat' dir='ltr'><strong>oder</strong></span> <span class='ocrx_word' id='word_1_4' title='bbox 362 458 527 523; x_wconf 84' lang='lat' dir='ltr'><strong>Nachsatz</strong></span> <span class='ocrx_word' id='word_1_5' title='bbox 551 459 630 524; x_wconf 92' lang='lat' dir='ltr'><strong>oder</strong></span> <span class='ocrx_word' id='word_1_6' title='bbox 654 482 695 523; x_wconf 91' lang='lat' dir='ltr'><strong>an</strong></span> <span class='ocrx_word' id='word_1_7' title='bbox 720 451 784 524; x_wconf 88' lang='lat' dir='ltr'><strong>den</strong></span> <span class='ocrx_word' id='word_1_8' title='bbox 800 459 931 524; x_wconf 88' lang='lat' dir='ltr'><strong>Neben-</strong></span> <span class='ocrx_word' id='word_1_9' title='bbox 954 459 1034 524; x_wconf 88' lang='lat' dir='ltr'><strong>oder</strong></span> <span class='ocrx_word' id='word_1_10' title='bbox 1050 459 1191 524; x_wconf 85' lang='lat' dir='ltr'><strong>Vorder·</strong></span> 
     </span>
     <span class='ocr_line' id='line_1_3' title="bbox 117 558 1191 651; baseline 0.003 -23"><span class='ocrx_word' id='word_1_11' title='bbox 117 558 218 648; x_wconf 80' lang='lat' dir='ltr'><strong>satz“,</strong></span> <span class='ocrx_word' id='word_1_12' title='bbox 242 587 318 629; x_wconf 91' lang='lat' dir='ltr'><strong>nam</strong></span> <span class='ocrx_word' id='word_1_13' title='bbox 340 565 375 628; x_wconf 89' lang='lat' dir='ltr'><strong>in</strong></span> <span class='ocrx_word' id='word_1_14' title='bbox 392 574 556 630; x_wconf 78' lang='lat' dir='ltr'><strong>structura</strong></span> <span class='ocrx_word' id='word_1_15' title='bbox 572 566 624 629; x_wconf 90' lang='grc' dir='ltr'><strong>ΠΙ</strong></span> <span class='ocrx_word' id='word_1_16' title='bbox 648 567 745 630; x_wconf 91' lang='lat' dir='ltr'><strong>etiam</strong></span> <span class='ocrx_word' id='word_1_17' title='bbox 760 575 809 631; x_wconf 89' lang='lat' dir='ltr'><strong>est</strong></span> <span class='ocrx_word' id='word_1_18' title='bbox 834 566 1065 651; x_wconf 78' lang='lat' dir='ltr'><strong>„zweiteiliger</strong></span> <span class='ocrx_word' id='word_1_19' title='bbox 1081 563 1191 650; x_wconf 84' lang='lat' dir='ltr'><strong>Satz“,</strong></span> 
     </span>
     <span class='ocr_line' id='line_1_4' title="bbox 115 672 225 736; baseline 0.009 -1"><span class='ocrx_word' id='word_1_20' title='bbox 115 672 225 736; x_wconf 88' lang='lat' dir='ltr'><strong>velut:</strong></span> 
     </span>
    </p>

    <p class='ocr_par' dir='ltr' id='par_1_3' title="bbox 117 774 1188 1078">
     <span class='ocr_line' id='line_1_5' title="bbox 205 774 1187 866; baseline 0.001 -23"><span class='ocrx_word' id='word_1_21' title='bbox 205 779 246 843; x_wconf 93' lang='lat' dir='ltr'><strong>de</strong></span> <span class='ocrx_word' id='word_1_22' title='bbox 262 779 317 844; x_wconf 91' lang='lat' dir='ltr'><strong>fin.</strong></span> <span class='ocrx_word' id='word_1_23' title='bbox 335 779 371 842; x_wconf 90' lang='lat' dir='ltr'>H</span> <span class='ocrx_word' id='word_1_24' title='bbox 386 779 441 844; x_wconf 89' lang='lat'><strong>18:</strong></span> <span class='ocrx_word' id='word_1_25' title='bbox 460 802 556 864; x_wconf 77' lang='lat' dir='ltr'><strong>quam</strong></span> <span class='ocrx_word' id='word_1_26' title='bbox 572 783 601 844; x_wconf 83' lang='lat' dir='ltr'><strong>ai</strong></span> <span class='ocrx_word' id='word_1_27' title='bbox 616 774 843 866; x_wconf 78' lang='lat' dir='ltr'><strong>eaplicaoirrat,</strong></span> <span class='ocrx_word' id='word_1_28' title='bbox 861 803 925 844; x_wconf 81' lang='lat' dir='ltr'><strong>nou</strong></span> <span class='ocrx_word' id='word_1_29' title='bbox 938 792 1002 843; x_wconf 84' lang='lat' dir='ltr'><strong>tom</strong></span> <span class='ocrx_word' id='word_1_30' title='bbox 1018 780 1187 844; x_wconf 71' lang='lat' dir='ltr'><strong>haesitaret</strong></span> 
     </span>
     <span class='ocr_line' id='line_1_6' title="bbox 117 885 1188 970; baseline 0.001 -21"><span class='ocrx_word' id='word_1_31' title='bbox 117 896 149 949; x_wconf 95' lang='lat' dir='ltr'><strong>et</strong></span> <span class='ocrx_word' id='word_1_32' title='bbox 162 894 271 950; x_wconf 91' lang='lat' dir='ltr'><strong>tamen</strong></span> <span class='ocrx_word' id='word_1_33' title='bbox 284 885 459 950; x_wconf 88' lang='lat' dir='ltr'><strong>relativum</strong></span> <span class='ocrx_word' id='word_1_34' title='bbox 472 896 600 951; x_wconf 90' lang='lat' dir='ltr'><strong>tantum</strong></span> <span class='ocrx_word' id='word_1_35' title='bbox 612 888 884 952; x_wconf 81' lang='lat' dir='ltr'><strong>constructionem</strong></span> <span class='ocrx_word' id='word_1_36' title='bbox 900 887 1015 970; x_wconf 92' lang='lat' dir='ltr'><strong>prioris</strong></span> <span class='ocrx_word' id='word_1_37' title='bbox 1028 888 1188 951; x_wconf 88' lang='lat' dir='ltr'><strong>enuntiati</strong></span> 
     </span>
     <span class='ocr_line' id='line_1_7' title="bbox 117 994 349 1078; baseline -0.009 -20"><span class='ocrx_word' id='word_1_38' title='bbox 117 994 210 1078; x_wconf 87' lang='lat' dir='ltr'><strong>sequi</strong></span> <span class='ocrx_word' id='word_1_39' title='bbox 234 1004 349 1077; x_wconf 86' lang='lat' dir='ltr'><strong>potest.</strong></span> 
     </span>
    </p>

    <p class='ocr_par' dir='ltr' id='par_1_4' title="bbox 111 1099 1188 1936">
     <span class='ocr_line' id='line_1_8' title="bbox 205 1099 1188 1185; baseline 0 -21"><span class='ocrx_word' id='word_1_40' title='bbox 205 1099 302 1179; x_wconf 78' lang='lat' dir='ltr'><strong>Quod</strong></span> <span class='ocrx_word' id='word_1_41' title='bbox 318 1101 490 1185; x_wconf 86' lang='lat' dir='ltr'><strong>Zumptius</strong></span> <span class='ocrx_word' id='word_1_42' title='bbox 508 1100 603 1184; x_wconf 83' lang='lat' dir='ltr'><strong>dixit,</strong></span> <span class='ocrx_word' id='word_1_43' title='bbox 629 1122 744 1164; x_wconf 91' lang='lat' dir='ltr'><strong>verum</strong></span> <span class='ocrx_word' id='word_1_44' title='bbox 760 1110 810 1164; x_wconf 90' lang='lat' dir='ltr'><strong>est</strong></span> <span class='ocrx_word' id='word_1_45' title='bbox 833 1100 937 1164; x_wconf 91' lang='lat' dir='ltr'><strong>solum</strong></span> <span class='ocrx_word' id='word_1_46' title='bbox 954 1099 994 1163; x_wconf 90' lang='lat' dir='ltr'><strong>de</strong></span> <span class='ocrx_word' id='word_1_47' title='bbox 1017 1100 1188 1164; x_wconf 84' lang='lat' dir='ltr'><strong>structuris</strong></span> 
     </span>
     <span class='ocr_line' id='line_1_9' title="bbox 113 1207 1187 1293; baseline 0 -23"><span class='ocrx_word' id='word_1_48' title='bbox 113 1208 130 1270; x_wconf 92' lang='grc' dir='ltr'>Ι</span> <span class='ocrx_word' id='word_1_49' title='bbox 155 1217 188 1271; x_wconf 89' lang='lat' dir='ltr'><strong>et</strong></span> <span class='ocrx_word' id='word_1_50' title='bbox 211 1208 256 1289; x_wconf 82' lang='grc' dir='ltr'><strong>Π,</strong></span> <span class='ocrx_word' id='word_1_51' title='bbox 292 1209 327 1271; x_wconf 91' lang='lat' dir='ltr'><strong>in</strong></span> <span class='ocrx_word' id='word_1_52' title='bbox 362 1207 482 1293; x_wconf 87' lang='lat' dir='ltr'><strong>quibus</strong></span> <span class='ocrx_word' id='word_1_53' title='bbox 516 1209 605 1271; x_wconf 91' lang='lat' dir='ltr'><strong>notio</strong></span> <span class='ocrx_word' id='word_1_54' title='bbox 635 1207 766 1271; x_wconf 81' lang='lat' dir='ltr'><strong>relativi</strong></span> <span class='ocrx_word' id='word_1_55' title='bbox 795 1208 828 1271; x_wconf 92' lang='lat' dir='ltr'><strong>in</strong></span> <span class='ocrx_word' id='word_1_56' title='bbox 856 1216 995 1292; x_wconf 88' lang='lat' dir='ltr'><strong>utroque</strong></span> <span class='ocrx_word' id='word_1_57' title='bbox 1020 1208 1187 1271; x_wconf 89' lang='lat' dir='ltr'><strong>enuntiato</strong></span> 
     </span>
     <span class='ocr_line' id='line_1_10' title="bbox 113 1314 1186 1399; baseline 0 -20"><span class='ocrx_word' id='word_1_58' title='bbox 113 1315 264 1379; x_wconf 91' lang='lat' dir='ltr'><strong>occurrit.</strong></span> <span class='ocrx_word' id='word_1_59' title='bbox 293 1349 329 1358; x_wconf 90' lang='lat'>-</span> <span class='ocrx_word' id='word_1_60' title='bbox 357 1315 488 1379; x_wconf 86' lang='lat' dir='ltr'><strong>Deinde</strong></span> <span class='ocrx_word' id='word_1_61' title='bbox 524 1314 621 1399; x_wconf 92' lang='lat' dir='ltr'><strong>paulo</strong></span> <span class='ocrx_word' id='word_1_62' title='bbox 653 1315 753 1396; x_wconf 85' lang='lat' dir='ltr'><strong>infra,</strong></span> <span class='ocrx_word' id='word_1_63' title='bbox 790 1336 865 1378; x_wconf 91' lang='lat' dir='ltr'><strong>oum</strong></span> <span class='ocrx_word' id='word_1_64' title='bbox 894 1323 1048 1378; x_wconf 88' lang='lat' dir='ltr'><strong>accurate</strong></span> <span class='ocrx_word' id='word_1_65' title='bbox 1077 1314 1186 1379; x_wconf 88' lang='lat' dir='ltr'><strong>dicere</strong></span> 
     </span>
     <span class='ocr_line' id='line_1_11' title="bbox 111 1420 1187 1506; baseline 0.002 -22"><span class='ocrx_word' id='word_1_66' title='bbox 111 1420 194 1503; x_wconf 82' lang='lat' dir='ltr'><strong>vult,</strong></span> <span class='ocrx_word' id='word_1_67' title='bbox 212 1421 342 1506; x_wconf 88' lang='lat' dir='ltr'><strong>quando</strong></span> <span class='ocrx_word' id='word_1_68' title='bbox 360 1421 502 1487; x_wconf 86' lang='lat' dir='ltr'><strong>debeat</strong></span> <span class='ocrx_word' id='word_1_69' title='bbox 527 1443 702 1506; x_wconf 85' lang='lat' dir='ltr'><strong>pronomen</strong></span> <span class='ocrx_word' id='word_1_70' title='bbox 719 1421 894 1485; x_wconf 88' lang='lat' dir='ltr'><strong>relativum</strong></span> <span class='ocrx_word' id='word_1_71' title='bbox 911 1423 1187 1486; x_wconf 79' lang='lat' dir='ltr'><strong>constructionem</strong></span> 
     </span>
     <span class='ocr_line' id='line_1_12' title="bbox 112 1528 1187 1614; baseline 0.001 -21"><span class='ocrx_word' id='word_1_72' title='bbox 112 1529 272 1593; x_wconf 90' lang='lat' dir='ltr'><strong>enuntiati</strong></span> <span class='ocrx_word' id='word_1_73' title='bbox 296 1529 480 1592; x_wconf 88' lang='lat' dir='ltr'><strong>secundarii</strong></span> <span class='ocrx_word' id='word_1_74' title='bbox 503 1530 605 1614; x_wconf 86' lang='lat' dir='ltr'><strong>sequi,</strong></span> <span class='ocrx_word' id='word_1_75' title='bbox 630 1529 712 1592; x_wconf 88' lang='lat' dir='ltr'><strong>haec</strong></span> <span class='ocrx_word' id='word_1_76' title='bbox 737 1529 844 1593; x_wconf 85' lang='lat' dir='ltr'><strong>addit:</strong></span> <span class='ocrx_word' id='word_1_77' title='bbox 872 1528 1001 1605; x_wconf 85' lang='lat' dir='ltr'><strong>„Wenn</strong></span> <span class='ocrx_word' id='word_1_78' title='bbox 1026 1528 1105 1593; x_wconf 93' lang='lat' dir='ltr'><strong>aber</strong></span> <span class='ocrx_word' id='word_1_79' title='bbox 1128 1529 1187 1594; x_wconf 90' lang='lat' dir='ltr'><strong>das</strong></span> 
     </span>
     <span class='ocr_line' id='line_1_13' title="bbox 111 1636 1187 1722; baseline 0 -22"><span class='ocrx_word' id='word_1_80' title='bbox 111 1636 416 1700; x_wconf 89' lang='lat' dir='ltr'><strong>Demonstrativum</strong></span> <span class='ocrx_word' id='word_1_81' title='bbox 444 1658 719 1722; x_wconf 88' lang='lat' dir='ltr'><strong>vorangegangen</strong></span> <span class='ocrx_word' id='word_1_82' title='bbox 742 1637 783 1700; x_wconf 87' lang='lat' dir='ltr'><strong>ist</strong></span> <span class='ocrx_word' id='word_1_83' title='bbox 809 1636 873 1700; x_wconf 89' lang='lat' dir='ltr'><strong>und</strong></span> <span class='ocrx_word' id='word_1_84' title='bbox 898 1636 951 1700; x_wconf 88' lang='lat' dir='ltr'><strong>ein</strong></span> <span class='ocrx_word' id='word_1_85' title='bbox 975 1636 1187 1721; x_wconf 83' lang='lat' dir='ltr'><strong>zweiteiliger</strong></span> 
     </span>
     <span class='ocr_line' id='line_1_14' title="bbox 112 1742 1186 1828; baseline 0.001 -21"><span class='ocrx_word' id='word_1_86' title='bbox 112 1742 188 1807; x_wconf 84' lang='lat' dir='ltr'><strong>Satn</strong></span> <span class='ocrx_word' id='word_1_87' title='bbox 212 1743 305 1828; x_wconf 84' lang='lat' dir='ltr'><strong>folgt,</strong></span> <span class='ocrx_word' id='word_1_88' title='bbox 342 1766 376 1808; x_wconf 89' lang='lat' dir='ltr'><strong>so</strong></span> <span class='ocrx_word' id='word_1_89' title='bbox 406 1742 543 1808; x_wconf 84' lang='lat' dir='ltr'><strong>schliesst</strong></span> <span class='ocrx_word' id='word_1_90' title='bbox 567 1744 636 1809; x_wconf 91' lang='lat' dir='ltr'><strong>sich</strong></span> <span class='ocrx_word' id='word_1_91' title='bbox 661 1744 720 1808; x_wconf 89' lang='lat' dir='ltr'><strong>das</strong></span> <span class='ocrx_word' id='word_1_92' title='bbox 748 1743 935 1807; x_wconf 89' lang='lat' dir='ltr'><strong>Relativum</strong></span> <span class='ocrx_word' id='word_1_93' title='bbox 960 1767 1001 1808; x_wconf 90' lang='lat' dir='ltr'><strong>an</strong></span> <span class='ocrx_word' id='word_1_94' title='bbox 1026 1744 1090 1809; x_wconf 88' lang='lat' dir='ltr'><strong>den</strong></span> <span class='ocrx_word' id='word_1_95' title='bbox 1113 1766 1186 1809; x_wconf 92' lang='lat' dir='ltr'><strong>vor-</strong></span> 
     </span>
     <span class='ocr_line' id='line_1_15' title="bbox 113 1848 1090 1936; baseline 0.001 -22"><span class='ocrx_word' id='word_1_96' title='bbox 113 1849 340 1935; x_wconf 88' lang='lat' dir='ltr'><strong>angestellten‚</strong></span> <span class='ocrx_word' id='word_1_97' title='bbox 364 1851 456 1915; x_wconf 88' lang='lat' dir='ltr'><strong>nicht</strong></span> <span class='ocrx_word' id='word_1_98' title='bbox 480 1875 521 1915; x_wconf 90' lang='lat' dir='ltr'><strong>an</strong></span> <span class='ocrx_word' id='word_1_99' title='bbox 546 1852 609 1930; x_wconf 88' lang='lat' dir='ltr'><strong>den</strong></span> <span class='ocrx_word' id='word_1_100' title='bbox 634 1851 759 1935; x_wconf 87' lang='lat' dir='ltr'><strong>Haupt·</strong></span> <span class='ocrx_word' id='word_1_101' title='bbox 783 1851 861 1915; x_wconf 88' lang='lat' dir='ltr'><strong>oder</strong></span> <span class='ocrx_word' id='word_1_102' title='bbox 885 1848 1090 1936; x_wconf 72' lang='lat' dir='ltr'><strong>Folgesat2.“</strong></span> 
     </span>
    </p>

    <p class='ocr_par' dir='ltr' id='par_1_5' title="bbox 110 1956 1183 2149">
     <span class='ocr_line' id='line_1_16' title="bbox 202 1956 1183 2042; baseline 0.002 -22"><span class='ocrx_word' id='word_1_103' title='bbox 202 1956 297 2036; x_wconf 80' lang='lat' dir='ltr'><strong>Quod</strong></span> <span class='ocrx_word' id='word_1_104' title='bbox 325 1980 389 2021; x_wconf 93' lang='lat' dir='ltr'><strong>non</strong></span> <span class='ocrx_word' id='word_1_105' title='bbox 421 1968 509 2022; x_wconf 89' lang='lat' dir='ltr'><strong>recte</strong></span> <span class='ocrx_word' id='word_1_106' title='bbox 537 1958 630 2022; x_wconf 91' lang='lat' dir='ltr'><strong>illum</strong></span> <span class='ocrx_word' id='word_1_107' title='bbox 658 1958 781 2022; x_wconf 88' lang='lat' dir='ltr'><strong>dixisse</strong></span> <span class='ocrx_word' id='word_1_108' title='bbox 806 1972 942 2042; x_wconf 86' lang='lat' dir='ltr'><strong>apparet</strong></span> <span class='ocrx_word' id='word_1_109' title='bbox 970 1981 1012 2022; x_wconf 86' lang='lat' dir='ltr'><strong>ex</strong></span> <span class='ocrx_word' id='word_1_110' title='bbox 1040 1957 1099 2022; x_wconf 89' lang='lat' dir='ltr'><strong>tali</strong></span> <span class='ocrx_word' id='word_1_111' title='bbox 1127 1981 1183 2022; x_wconf 85' lang='lat' dir='ltr'><strong>ex·</strong></span> 
     </span>
     <span class='ocr_line' id='line_1_17' title="bbox 110 2064 234 2149; baseline 0.008 -22"><span class='ocrx_word' id='word_1_112' title='bbox 110 2064 234 2149; x_wconf 86' lang='lat' dir='ltr'><strong>emplo:</strong></span> 
     </span>
    </p>

    <p class='ocr_par' dir='ltr' id='par_1_6' title="bbox 108 2171 1183 2365">
     <span class='ocr_line' id='line_1_18' title="bbox 199 2171 1183 2236; baseline 0 -1"><span class='ocrx_word' id='word_1_113' title='bbox 199 2173 233 2235; x_wconf 93' lang='lat' dir='ltr'><strong>in</strong></span> <span class='ocrx_word' id='word_1_114' title='bbox 245 2171 339 2235; x_wconf 89' lang='lat' dir='ltr'><strong>Verr.</strong></span> <span class='ocrx_word' id='word_1_115' title='bbox 355 2171 376 2234; x_wconf 88' lang='lat' dir='ltr'><strong>l.</strong></span> <span class='ocrx_word' id='word_1_116' title='bbox 389 2171 442 2234; x_wconf 89' lang='grc' dir='ltr'><strong>ΠΙ</strong></span> <span class='ocrx_word' id='word_1_117' title='bbox 457 2171 535 2235; x_wconf 83' lang='lat'>150:</span> <span class='ocrx_word' id='word_1_118' title='bbox 561 2194 630 2234; x_wconf 83' lang='lat' dir='ltr'><strong>ram</strong></span> <span class='ocrx_word' id='word_1_119' title='bbox 646 2184 768 2236; x_wconf 79' lang='lat' dir='ltr'><strong>tautam</strong></span> <span class='ocrx_word' id='word_1_120' title='bbox 786 2172 909 2234; x_wconf 83' lang='lat' dir='ltr'><strong>lacrum</strong></span> <span class='ocrx_word' id='word_1_121' title='bbox 920 2171 1055 2235; x_wconf 82' lang='lat' dir='ltr'><strong>voluerit</strong></span> <span class='ocrx_word' id='word_1_122' title='bbox 1066 2173 1183 2236; x_wconf 83' lang='lat' dir='ltr'><strong>addere</strong></span> 
     </span>
     <span class='ocr_line' id='line_1_19' title="bbox 108 2278 1075 2365; baseline 0.001 -23"><span class='ocrx_word' id='word_1_123' title='bbox 108 2282 147 2358; x_wconf 78' lang='lat' dir='ltr'><strong>ia,</strong></span> <span class='ocrx_word' id='word_1_124' title='bbox 172 2282 232 2362; x_wconf 79' lang='lat' dir='ltr'><strong>roi,</strong></span> <span class='ocrx_word' id='word_1_125' title='bbox 256 2282 286 2342; x_wconf 82' lang='lat' dir='ltr'><strong>a&#39;</strong></span> <span class='ocrx_word' id='word_1_126' title='bbox 308 2280 454 2341; x_wconf 76' lang='lat' dir='ltr'><strong>decumas</strong></span> <span class='ocrx_word' id='word_1_127' title='bbox 477 2281 608 2358; x_wconf 76' lang='lat' dir='ltr'><strong>retieret,</strong></span> <span class='ocrx_word' id='word_1_128' title='bbox 633 2281 717 2343; x_wconf 79' lang='lat' dir='ltr'><strong>idem</strong></span> <span class='ocrx_word' id='word_1_129' title='bbox 739 2301 803 2342; x_wconf 81' lang='lat' dir='ltr'><strong>aaa</strong></span> <span class='ocrx_word' id='word_1_130' title='bbox 827 2278 931 2342; x_wconf 80' lang='lat' dir='ltr'><strong>liceret</strong></span> <span class='ocrx_word' id='word_1_131' title='bbox 954 2288 987 2343; x_wconf 91' lang='lat' dir='ltr'><strong>et</strong></span> <span class='ocrx_word' id='word_1_132' title='bbox 1002 2301 1033 2365; x_wconf 93' lang='lat' dir='ltr'><strong>q.</strong></span> <span class='ocrx_word' id='word_1_133' title='bbox 1051 2303 1075 2343; x_wconf 83' lang='lat' dir='ltr'><strong>s.</strong></span> 
     </span>
    </p>

    <p class='ocr_par' dir='ltr' id='par_1_7' title="bbox 107 2385 1182 2665">
     <span class='ocr_line' id='line_1_20' title="bbox 198 2385 1182 2471; baseline 0.003 -23"><span class='ocrx_word' id='word_1_134' title='bbox 198 2385 370 2470; x_wconf 87' lang='lat' dir='ltr'><strong>Zumptius</strong></span> <span class='ocrx_word' id='word_1_135' title='bbox 400 2395 529 2471; x_wconf 89' lang='lat' dir='ltr'><strong>poterat</strong></span> <span class='ocrx_word' id='word_1_136' title='bbox 557 2386 676 2470; x_wconf 87' lang='lat' dir='ltr'><strong>dicere,</strong></span> <span class='ocrx_word' id='word_1_137' title='bbox 712 2385 794 2450; x_wconf 91' lang='lat' dir='ltr'><strong>illud</strong></span> <span class='ocrx_word' id='word_1_138' title='bbox 825 2408 985 2470; x_wconf 88' lang='lat' dir='ltr'><strong>semper</strong></span> <span class='ocrx_word' id='word_1_139' title='bbox 1015 2387 1048 2449; x_wconf 94' lang='lat' dir='ltr'><strong>in</strong></span> <span class='ocrx_word' id='word_1_140' title='bbox 1080 2395 1182 2451; x_wconf 89' lang='lat' dir='ltr'><strong>struc-</strong></span> 
     </span>
     <span class='ocr_line' id='line_1_21' title="bbox 108 2491 1181 2576; baseline 0.001 -19"><span class='ocrx_word' id='word_1_141' title='bbox 108 2501 181 2557; x_wconf 89' lang='lat' dir='ltr'><strong>tura</strong></span> <span class='ocrx_word' id='word_1_142' title='bbox 197 2491 249 2556; x_wconf 89' lang='lat' dir='ltr'><strong>HI</strong></span> <span class='ocrx_word' id='word_1_143' title='bbox 265 2493 346 2576; x_wconf 88' lang='lat' dir='ltr'><strong>ficri,</strong></span> <span class='ocrx_word' id='word_1_144' title='bbox 368 2493 402 2557; x_wconf 96' lang='lat' dir='ltr'><strong>id</strong></span> <span class='ocrx_word' id='word_1_145' title='bbox 419 2502 477 2576; x_wconf 85' lang='lat' dir='ltr'><strong>est,</strong></span> <span class='ocrx_word' id='word_1_146' title='bbox 503 2515 577 2557; x_wconf 91' lang='lat' dir='ltr'><strong>cum</strong></span> <span class='ocrx_word' id='word_1_147' title='bbox 590 2495 679 2557; x_wconf 91' lang='lat' dir='ltr'><strong>notio</strong></span> <span class='ocrx_word' id='word_1_148' title='bbox 695 2493 826 2557; x_wconf 86' lang='lat' dir='ltr'><strong>relativi</strong></span> <span class='ocrx_word' id='word_1_149' title='bbox 842 2493 945 2557; x_wconf 89' lang='lat' dir='ltr'><strong>solum</strong></span> <span class='ocrx_word' id='word_1_150' title='bbox 962 2494 995 2557; x_wconf 92' lang='lat' dir='ltr'><strong>in</strong></span> <span class='ocrx_word' id='word_1_151' title='bbox 1013 2494 1126 2558; x_wconf 89' lang='lat' dir='ltr'><strong>enunti</strong></span> <span class='ocrx_word' id='word_1_152' title='bbox 1149 2502 1181 2558; x_wconf 93' lang='lat' dir='ltr'><strong>to</strong></span> 
     </span>
     <span class='ocr_line' id='line_1_22' title="bbox 107 2599 418 2665; baseline 0.003 -2"><span class='ocrx_word' id='word_1_153' title='bbox 107 2599 244 2664; x_wconf 89' lang='lat' dir='ltr'><strong>relativo</strong></span> <span class='ocrx_word' id='word_1_154' title='bbox 268 2601 418 2665; x_wconf 90' lang='lat' dir='ltr'><strong>occurrit.</strong></span> 
     </span>
    </p>
   </div>
   <div class='ocr_carea' id='block_1_3' title="bbox 105 2751 1180 2944">
    <p class='ocr_par' dir='ltr' id='par_1_8' title="bbox 105 2751 1180 2944">
     <span class='ocr_line' id='line_1_23' title="bbox 197 2751 1180 2838; baseline 0.002 -23"><span class='ocrx_word' id='word_1_155' title='bbox 197 2751 424 2816; x_wconf 85' lang='lat' dir='ltr'><strong>Schultzius</strong></span> <span class='ocrx_word' id='word_1_156' title='bbox 473 2752 593 2838; x_wconf 90' lang='lat' dir='ltr'><strong>partim</strong></span> <span class='ocrx_word' id='word_1_157' title='bbox 632 2762 668 2816; x_wconf 95' lang='lat' dir='ltr'><strong>ut</strong></span> <span class='ocrx_word' id='word_1_158' title='bbox 702 2752 945 2834; x_wconf 88' lang='lat' dir='ltr'><strong>Ramshornius,</strong></span> <span class='ocrx_word' id='word_1_159' title='bbox 985 2754 1104 2837; x_wconf 84' lang='lat' dir='ltr'><strong>partim</strong></span> <span class='ocrx_word' id='word_1_160' title='bbox 1143 2763 1180 2817; x_wconf 93' lang='lat' dir='ltr'><strong>ut</strong></span> 
     </span>
     <span class='ocr_line' id='line_1_24' title="bbox 105 2859 286 2944; baseline 0.011 -23"><span class='ocrx_word' id='word_1_161' title='bbox 105 2859 286 2944; x_wconf 89' lang='lat' dir='ltr'><strong>Zumptius.</strong></span> 
     </span>
    </p>
   </div>
   <div class='ocr_carea' id='block_1_4' title="bbox 99 3009 1178 4149">
    <p class='ocr_par' dir='ltr' id='par_1_9' title="bbox 104 3009 1178 3310">
     <span class='ocr_line' id='line_1_25' title="bbox 195 3009 1178 3095; baseline 0.001 -22"><span class='ocrx_word' id='word_1_162' title='bbox 195 3009 437 3075; x_wconf 85' lang='lat' dir='ltr'><strong>Paetzoltius</strong></span> <span class='ocrx_word' id='word_1_163' title='bbox 460 3010 495 3074; x_wconf 92' lang='lat' dir='ltr'><strong>id</strong></span> <span class='ocrx_word' id='word_1_164' title='bbox 518 3009 618 3074; x_wconf 88' lang='lat' dir='ltr'><strong>habet</strong></span> <span class='ocrx_word' id='word_1_165' title='bbox 641 3032 773 3091; x_wconf 86' lang='lat' dir='ltr'><strong>novum,</strong></span> <span class='ocrx_word' id='word_1_166' title='bbox 798 3009 885 3095; x_wconf 92' lang='lat' dir='ltr'><strong>quod</strong></span> <span class='ocrx_word' id='word_1_167' title='bbox 909 3009 1047 3073; x_wconf 90' lang='lat' dir='ltr'><strong>eandem</strong></span> <span class='ocrx_word' id='word_1_168' title='bbox 1072 3010 1178 3095; x_wconf 86' lang='lat' dir='ltr'><strong>expli-</strong></span> 
     </span>
     <span class='ocr_line' id='line_1_26' title="bbox 105 3113 1178 3200; baseline -0.002 -18"><span class='ocrx_word' id='word_1_169' title='bbox 105 3119 266 3182; x_wconf 90' lang='lat' dir='ltr'><strong>cationem</strong></span> <span class='ocrx_word' id='word_1_170' title='bbox 278 3113 735 3200; x_wconf 84' lang='lat' dir='ltr'><strong>(„relativischerAnschluss“</strong></span> <span class='ocrx_word' id='word_1_171' title='bbox 746 3152 783 3160; x_wconf 95' lang='lat'>-</span> <span class='ocrx_word' id='word_1_172' title='bbox 796 3118 977 3180; x_wconf 88' lang='lat' dir='ltr'><strong>iuncturam</strong></span> <span class='ocrx_word' id='word_1_173' title='bbox 990 3115 1178 3199; x_wconf 91' lang='lat' dir='ltr'><strong>relativam)</strong></span> 
     </span>
     <span class='ocr_line' id='line_1_27' title="bbox 104 3223 1123 3310; baseline -0.002 -21"><span class='ocrx_word' id='word_1_174' title='bbox 104 3226 259 3290; x_wconf 92' lang='lat' dir='ltr'><strong>historica</strong></span> <span class='ocrx_word' id='word_1_175' title='bbox 281 3227 407 3290; x_wconf 88' lang='lat' dir='ltr'><strong>ratione</strong></span> <span class='ocrx_word' id='word_1_176' title='bbox 431 3224 473 3289; x_wconf 91' lang='lat' dir='ltr'><strong>ab</strong></span> <span class='ocrx_word' id='word_1_177' title='bbox 498 3226 622 3309; x_wconf 85' lang='lat' dir='ltr'><strong>origine</strong></span> <span class='ocrx_word' id='word_1_178' title='bbox 646 3225 846 3310; x_wconf 91' lang='lat' dir='ltr'><strong>pronominis</strong></span> <span class='ocrx_word' id='word_1_179' title='bbox 869 3223 999 3288; x_wconf 83' lang='lat' dir='ltr'><strong>relativi</strong></span> <span class='ocrx_word' id='word_1_180' title='bbox 1023 3225 1123 3289; x_wconf 86' lang='lat' dir='ltr'><strong>ducit.</strong></span> 
     </span>
    </p>

    <p class='ocr_par' dir='ltr' id='par_1_10' title="bbox 99 3332 1176 4149">
     <span class='ocr_line' id='line_1_28' title="bbox 139 3332 1175 3418; baseline 0.001 -22"><span class='ocrx_word' id='word_1_181' title='bbox 139 3405 140 3408; x_wconf 8' lang='grc' dir='ltr'><strong>Ἴ</strong></span> <span class='ocrx_word' id='word_1_182' title='bbox 196 3341 224 3397; x_wconf 94' lang='lat' dir='ltr'><strong>l.</strong></span> <span class='ocrx_word' id='word_1_183' title='bbox 248 3334 365 3418; x_wconf 91' lang='lat' dir='ltr'><strong>Itaque</strong></span> <span class='ocrx_word' id='word_1_184' title='bbox 385 3332 450 3416; x_wconf 91' lang='lat' dir='ltr'><strong>ille,</strong></span> <span class='ocrx_word' id='word_1_185' title='bbox 468 3356 542 3397; x_wconf 89' lang='lat' dir='ltr'><strong>oum</strong></span> <span class='ocrx_word' id='word_1_186' title='bbox 560 3334 718 3417; x_wconf 88' lang='lat' dir='ltr'><strong>originem</strong></span> <span class='ocrx_word' id='word_1_187' title='bbox 734 3333 865 3397; x_wconf 86' lang='lat' dir='ltr'><strong>relativi</strong></span> <span class='ocrx_word' id='word_1_188' title='bbox 882 3333 923 3396; x_wconf 89' lang='lat' dir='ltr'><strong>ab</strong></span> <span class='ocrx_word' id='word_1_189' title='bbox 940 3334 1175 3415; x_wconf 87' lang='lat' dir='ltr'><strong>interrogativo</strong></span> 
     </span>
     <span class='ocr_line' id='line_1_29' title="bbox 103 3439 1176 3527; baseline 0 -23"><span class='ocrx_word' id='word_1_190' title='bbox 103 3442 282 3527; x_wconf 88' lang='lat' dir='ltr'><strong>profectam</strong></span> <span class='ocrx_word' id='word_1_191' title='bbox 307 3464 377 3505; x_wconf 87' lang='lat' dir='ltr'><strong>esse</strong></span> <span class='ocrx_word' id='word_1_192' title='bbox 401 3450 496 3525; x_wconf 89' lang='lat' dir='ltr'><strong>putat</strong></span> <span class='ocrx_word' id='word_1_193' title='bbox 524 3476 564 3483; x_wconf 89' lang='lat'>—</span> <span class='ocrx_word' id='word_1_194' title='bbox 589 3440 623 3503; x_wconf 89' lang='lat' dir='ltr'><strong>id</strong></span> <span class='ocrx_word' id='word_1_195' title='bbox 647 3440 733 3526; x_wconf 93' lang='lat' dir='ltr'><strong>quod</strong></span> <span class='ocrx_word' id='word_1_196' title='bbox 752 3462 794 3503; x_wconf 83' lang='lat' dir='ltr'><strong>ex</strong></span> <span class='ocrx_word' id='word_1_197' title='bbox 815 3441 924 3525; x_wconf 88' lang='lat' dir='ltr'><strong>prisca</strong></span> <span class='ocrx_word' id='word_1_198' title='bbox 940 3439 1176 3505; x_wconf 88' lang='lat' dir='ltr'><strong>consuetudine</strong></span> 
     </span>
     <span class='ocr_line' id='line_1_30' title="bbox 103 3546 1175 3633; baseline 0 -22"><span class='ocrx_word' id='word_1_199' title='bbox 103 3549 245 3611; x_wconf 85' lang='lat' dir='ltr'><strong>maxime</strong></span> <span class='ocrx_word' id='word_1_200' title='bbox 266 3547 401 3633; x_wconf 86' lang='lat' dir='ltr'><strong>colligit,</strong></span> <span class='ocrx_word' id='word_1_201' title='bbox 420 3571 484 3633; x_wconf 88' lang='lat' dir='ltr'><strong>qua</strong></span> <span class='ocrx_word' id='word_1_202' title='bbox 502 3548 706 3611; x_wconf 87' lang='lat' dir='ltr'><strong>enuntiatum</strong></span> <span class='ocrx_word' id='word_1_203' title='bbox 723 3547 777 3610; x_wconf 91' lang='lat' dir='ltr'><strong>vel</strong></span> <span class='ocrx_word' id='word_1_204' title='bbox 800 3569 978 3632; x_wconf 90' lang='lat' dir='ltr'><strong>pronomen</strong></span> <span class='ocrx_word' id='word_1_205' title='bbox 999 3546 1175 3611; x_wconf 90' lang='lat' dir='ltr'><strong>relativum</strong></span> 
     </span>
     <span class='ocr_line' id='line_1_31' title="bbox 102 3654 1174 3741; baseline -0.003 -22"><span class='ocrx_word' id='word_1_206' title='bbox 102 3656 286 3741; x_wconf 92' lang='lat' dir='ltr'><strong>pronomini</strong></span> <span class='ocrx_word' id='word_1_207' title='bbox 300 3655 555 3719; x_wconf 89' lang='lat' dir='ltr'><strong>demonstrativo</strong></span> <span class='ocrx_word' id='word_1_208' title='bbox 571 3655 793 3740; x_wconf 90' lang='lat' dir='ltr'><strong>praemittitur</strong></span> <span class='ocrx_word' id='word_1_209' title='bbox 809 3654 864 3732; x_wconf 86' lang='lat' dir='ltr'><strong>(cf.</strong></span> <span class='ocrx_word' id='word_1_210' title='bbox 883 3655 1009 3719; x_wconf 89' lang='lat' dir='ltr'><strong>dissert.</strong></span> <span class='ocrx_word' id='word_1_211' title='bbox 1028 3676 1111 3740; x_wconf 90' lang='lat' dir='ltr'><strong>quae</strong></span> <span class='ocrx_word' id='word_1_212' title='bbox 1128 3655 1174 3717; x_wconf 89' lang='lat' dir='ltr'><strong>in-</strong></span> 
     </span>
     <span class='ocr_line' id='line_1_32' title="bbox 102 3761 1174 3849; baseline -0.001 -22"><span class='ocrx_word' id='word_1_213' title='bbox 102 3762 305 3827; x_wconf 89' lang='lat' dir='ltr'><strong>scribiturde</strong></span> <span class='ocrx_word' id='word_1_214' title='bbox 314 3762 425 3826; x_wconf 91' lang='lat' dir='ltr'><strong>Latini</strong></span> <span class='ocrx_word' id='word_1_215' title='bbox 437 3763 594 3826; x_wconf 88' lang='lat' dir='ltr'><strong>sermonis</strong></span> <span class='ocrx_word' id='word_1_216' title='bbox 604 3762 759 3847; x_wconf 85' lang='lat' dir='ltr'><strong>pronrel.</strong></span> <span class='ocrx_word' id='word_1_217' title='bbox 770 3763 904 3849; x_wconf 81' lang='lat' dir='ltr'><strong>syntaxi</strong></span> <span class='ocrx_word' id='word_1_218' title='bbox 910 3763 1077 3847; x_wconf 85' lang='lat' dir='ltr'><strong>priscapg.</strong></span> <span class='ocrx_word' id='word_1_219' title='bbox 1087 3761 1120 3839; x_wconf 83' lang='grc'><strong>6)</strong></span> <span class='ocrx_word' id='word_1_220' title='bbox 1129 3797 1174 3803; x_wconf 93' lang='grc'>-</span> 
     </span>
     <span class='ocr_line' id='line_1_33' title="bbox 101 3869 1173 3955; baseline -0.002 -21"><span class='ocrx_word' id='word_1_221' title='bbox 101 3871 253 3955; x_wconf 88' lang='lat' dir='ltr'><strong>opinatur</strong></span> <span class='ocrx_word' id='word_1_222' title='bbox 276 3872 414 3955; x_wconf 92' lang='lat' dir='ltr'><strong>primam</strong></span> <span class='ocrx_word' id='word_1_223' title='bbox 430 3870 484 3934; x_wconf 91' lang='lat' dir='ltr'><strong>vel</strong></span> <span class='ocrx_word' id='word_1_224' title='bbox 505 3871 652 3934; x_wconf 91' lang='lat' dir='ltr'><strong>nativam</strong></span> <span class='ocrx_word' id='word_1_225' title='bbox 673 3869 802 3934; x_wconf 89' lang='lat' dir='ltr'><strong>relativi</strong></span> <span class='ocrx_word' id='word_1_226' title='bbox 821 3871 1019 3954; x_wconf 89' lang='lat' dir='ltr'><strong>pronominis</strong></span> <span class='ocrx_word' id='word_1_227' title='bbox 1035 3870 1173 3933; x_wconf 88' lang='lat' dir='ltr'><strong>formam</strong></span> 
     </span>
     <span class='ocr_line' id='line_1_34' title="bbox 100 3977 1173 4063; baseline 0.001 -24"><span class='ocrx_word' id='word_1_228' title='bbox 100 3977 199 4042; x_wconf 89' lang='lat' dir='ltr'><strong>fuisse</strong></span> <span class='ocrx_word' id='word_1_229' title='bbox 224 4000 306 4060; x_wconf 90' lang='lat' dir='ltr'><strong>eam,</strong></span> <span class='ocrx_word' id='word_1_230' title='bbox 331 4000 415 4063; x_wconf 88' lang='lat' dir='ltr'><strong>quae</strong></span> <span class='ocrx_word' id='word_1_231' title='bbox 439 3978 481 4041; x_wconf 88' lang='lat' dir='ltr'><strong>ad</strong></span> <span class='ocrx_word' id='word_1_232' title='bbox 509 3987 735 4063; x_wconf 90' lang='lat' dir='ltr'><strong>sequentem</strong></span> <span class='ocrx_word' id='word_1_233' title='bbox 764 3977 1056 4040; x_wconf 87' lang='lat' dir='ltr'><strong>demonstrativum</strong></span> <span class='ocrx_word' id='word_1_234' title='bbox 1080 3999 1173 4061; x_wconf 91' lang='lat' dir='ltr'><strong>speo-</strong></span> 
     </span>
     <span class='ocr_line' id='line_1_35' title="bbox 99 4093 257 4149; baseline 0 -2"><span class='ocrx_word' id='word_1_235' title='bbox 99 4093 184 4149; x_wconf 90' lang='lat' dir='ltr'><strong>taret</strong></span> <span class='ocrx_word' id='word_1_236' title='bbox 207 4095 257 4148; x_wconf 92' lang='lat' dir='ltr'><strong>ut:</strong></span> 
     </span>
    </p>
   </div>
   <div class='ocr_carea' id='block_1_5' title="bbox 0 0 1438 4762">
    <p class='ocr_par' dir='ltr' id='par_1_11' title="bbox 0 0 1438 4762">
     <span class='ocr_line' id='line_1_36' title="bbox 0 0 1438 4762; baseline 0 6"><span class='ocrx_word' id='word_1_237' title='bbox 0 0 1438 4762; x_wconf 95' lang='lat' dir='ltr'><strong> </strong></span> 
     </span>
    </p>
   </div>
  </div>
 </body>
</html>
