<?xml version="1.0" encoding="UTF-8"?>
<!DOCTYPE html PUBLIC "-//W3C//DTD XHTML 1.0 Transitional//EN"
    "http://www.w3.org/TR/xhtml1/DTD/xhtml1-transitional.dtd">
<html xmlns="http://www.w3.org/1999/xhtml" xml:lang="en" lang="en">
 <head>
  <title>
</title>
<meta http-equiv="Content-Type" content="text/html;charset=utf-8" />
  <meta name='ocr-system' content='tesseract 3.04.00' />
  <meta name='ocr-capabilities' content='ocr_page ocr_carea ocr_par ocr_line ocrx_word'/>
</head>
<body>
  <div class='ocr_page' id='page_1' title='image "./decomprehension00mihagoog_0055.png"; bbox 0 0 2866 4762; ppageno 0'>
   <div class='ocr_carea' id='block_1_1' title="bbox 642 270 856 334">
    <p class='ocr_par' dir='ltr' id='par_1_1' title="bbox 642 270 856 334">
     <span class='ocr_line' id='line_1_1' title="bbox 642 270 856 334; baseline -0.005 -21"><span class='ocrx_word' id='word_1_1' title='bbox 642 270 856 334; x_wconf 63' lang='lat'><strong>..50-</strong></span> 
     </span>
    </p>
   </div>
   <div class='ocr_carea' id='block_1_2' title="bbox 213 442 1290 780">
    <p class='ocr_par' dir='ltr' id='par_1_2' title="bbox 213 442 1290 780">
     <span class='ocr_line' id='line_1_2' title="bbox 268 442 568 513; baseline -0.007 -17"><span class='ocrx_word' id='word_1_2' title='bbox 268 443 292 496; x_wconf 91' lang='lat' dir='ltr'><em>b.</em></span> <span class='ocrx_word' id='word_1_3' title='bbox 316 442 378 497; x_wconf 90' lang='lat' dir='ltr'><em>Non</em></span> <span class='ocrx_word' id='word_1_4' title='bbox 398 442 568 513; x_wconf 81' lang='lat' dir='ltr'><strong>exprimitur:</strong></span> 
     </span>
     <span class='ocr_line' id='line_1_3' title="bbox 304 531 1289 603; baseline -0.001 -19"><span class='ocrx_word' id='word_1_5' title='bbox 304 531 382 584; x_wconf 85' lang='lat' dir='ltr'><strong>Tusc.</strong></span> <span class='ocrx_word' id='word_1_6' title='bbox 402 531 472 601; x_wconf 84' lang='lat' dir='ltr'><strong>disp.</strong></span> <span class='ocrx_word' id='word_1_7' title='bbox 491 531 527 584; x_wconf 92' lang='lat' dir='ltr'><em>lV</em></span> <span class='ocrx_word' id='word_1_8' title='bbox 548 532 595 586; x_wconf 85' lang='lat'><em>49:</em></span> <span class='ocrx_word' id='word_1_9' title='bbox 625 533 703 596; x_wconf 85' lang='lat' dir='ltr'><em>euius,</em></span> <span class='ocrx_word' id='word_1_10' title='bbox 728 539 756 585; x_wconf 84' lang='lat' dir='ltr'><em>ut</em></span> <span class='ocrx_word' id='word_1_11' title='bbox 779 549 853 584; x_wconf 79' lang='lat' dir='ltr'><em>urrrur</em></span> <span class='ocrx_word' id='word_1_12' title='bbox 876 532 990 602; x_wconf 72' lang='lat' dir='ltr'><em>surrepsit,</em></span> <span class='ocrx_word' id='word_1_13' title='bbox 1015 532 1137 603; x_wconf 77' lang='lat' dir='ltr'><em>inpressis</em></span> <span class='ocrx_word' id='word_1_14' title='bbox 1162 531 1289 584; x_wconf 71' lang='lat' dir='ltr'><em>laetitiam</em></span> 
     </span>
     <span class='ocr_line' id='line_1_4' title="bbox 213 619 1290 692; baseline 0.001 -20"><span class='ocrx_word' id='word_1_15' title='bbox 213 620 299 674; x_wconf 89' lang='lat' dir='ltr'><em>attulit</em></span> <span class='ocrx_word' id='word_1_16' title='bbox 317 621 391 673; x_wconf 82' lang='lat' dir='ltr'><em>soriis</em></span> <span class='ocrx_word' id='word_1_17' title='bbox 410 623 462 688; x_wconf 88' lang='lat' dir='ltr'><em>(en.</em></span> <span class='ocrx_word' id='word_1_18' title='bbox 484 639 505 674; x_wconf 90' lang='lat' dir='ltr'><em>s.</em></span> <span class='ocrx_word' id='word_1_19' title='bbox 524 620 646 691; x_wconf 88' lang='lat' dir='ltr'><em>interp.);</em></span> <span class='ocrx_word' id='word_1_20' title='bbox 671 621 706 674; x_wconf 84' lang='lat' dir='ltr'><em>ad</em></span> <span class='ocrx_word' id='word_1_21' title='bbox 725 623 783 674; x_wconf 86' lang='lat' dir='ltr'><em>Att.</em></span> <span class='ocrx_word' id='word_1_22' title='bbox 802 620 866 673; x_wconf 66' lang='lat' dir='ltr'>VIII</span> <span class='ocrx_word' id='word_1_23' title='bbox 885 619 911 687; x_wconf 86' lang='lat'><em>9,</em></span> <span class='ocrx_word' id='word_1_24' title='bbox 929 621 959 674; x_wconf 87' lang='lat'><em>4:</em></span> <span class='ocrx_word' id='word_1_25' title='bbox 985 623 1026 674; x_wconf 81' lang='lat' dir='ltr'><em>eui</em></span> <span class='ocrx_word' id='word_1_26' title='bbox 1041 621 1197 692; x_wconf 71' lang='lat' dir='ltr'><em>persuaderi</em></span> <span class='ocrx_word' id='word_1_27' title='bbox 1212 639 1290 692; x_wconf 87' lang='lat' dir='ltr'><em>passe</em></span> 
     </span>
     <span class='ocr_line' id='line_1_5' title="bbox 213 709 936 780; baseline 0.004 -19"><span class='ocrx_word' id='word_1_28' title='bbox 213 726 264 761; x_wconf 80' lang='lat' dir='ltr'><em>aaa</em></span> <span class='ocrx_word' id='word_1_29' title='bbox 283 709 406 774; x_wconf 80' lang='lat' dir='ltr'><em>arbitror,</em></span> <span class='ocrx_word' id='word_1_30' title='bbox 425 709 541 763; x_wconf 65' lang='lat' dir='ltr'><em>saisierit</em></span> <span class='ocrx_word' id='word_1_31' title='bbox 559 718 693 763; x_wconf 77' lang='lat' dir='ltr'><em>corruentes</em></span> <span class='ocrx_word' id='word_1_32' title='bbox 712 716 764 778; x_wconf 85' lang='lat' dir='ltr'><em>(en.</em></span> <span class='ocrx_word' id='word_1_33' title='bbox 785 728 806 763; x_wconf 85' lang='lat' dir='ltr'><em>e.</em></span> <span class='ocrx_word' id='word_1_34' title='bbox 825 713 936 780; x_wconf 84' lang='lat' dir='ltr'><em>postp.).</em></span> 
     </span>
    </p>
   </div>
   <div class='ocr_carea' id='block_1_3' title="bbox 212 894 1295 2751">
    <p class='ocr_par' dir='ltr' id='par_1_3' title="bbox 303 894 822 965">
     <span class='ocr_line' id='line_1_6' title="bbox 303 894 822 965; baseline 0.002 -19"><span class='ocrx_word' id='word_1_35' title='bbox 303 894 486 948; x_wconf 86' lang='lat' dir='ltr'><em>Pronomen</em></span> <span class='ocrx_word' id='word_1_36' title='bbox 505 894 687 948; x_wconf 83' lang='lat' dir='ltr'><em>relativum</em></span> <span class='ocrx_word' id='word_1_37' title='bbox 706 902 822 965; x_wconf 84' lang='lat' dir='ltr'><em>spectat:</em></span> 
     </span>
    </p>

    <p class='ocr_par' dir='ltr' id='par_1_4' title="bbox 214 982 1134 1127">
     <span class='ocr_line' id='line_1_7' title="bbox 214 982 1134 1054; baseline 0.003 -19"><span class='ocrx_word' id='word_1_38' title='bbox 214 984 238 1035; x_wconf 87' lang='lat'><em>1.</em></span> <span class='ocrx_word' id='word_1_39' title='bbox 257 982 301 1036; x_wconf 84' lang='lat' dir='ltr'><em>Ad</em></span> <span class='ocrx_word' id='word_1_40' title='bbox 321 1001 440 1054; x_wconf 84' lang='lat' dir='ltr'><em>eaquae</em></span> <span class='ocrx_word' id='word_1_41' title='bbox 459 983 636 1054; x_wconf 81' lang='lat' dir='ltr'><em>praecedunt3</em></span> <span class='ocrx_word' id='word_1_42' title='bbox 657 983 730 1054; x_wconf 87' lang='lat' dir='ltr'><em>quod</em></span> <span class='ocrx_word' id='word_1_43' title='bbox 750 1003 810 1038; x_wconf 82' lang='lat' dir='ltr'><em>eum</em></span> <span class='ocrx_word' id='word_1_44' title='bbox 829 985 860 1037; x_wconf 88' lang='lat' dir='ltr'><em>fit</em></span> <span class='ocrx_word' id='word_1_45' title='bbox 879 983 961 1038; x_wconf 83' lang='lat' dir='ltr'><em>habet</em></span> <span class='ocrx_word' id='word_1_46' title='bbox 979 984 1047 1037; x_wconf 91' lang='lat' dir='ltr'><em>illud</em></span> <span class='ocrx_word' id='word_1_47' title='bbox 1068 985 1134 1039; x_wconf 89' lang='lat' dir='ltr'><em>vim:</em></span> 
     </span>
     <span class='ocr_line' id='line_1_8' title="bbox 268 1071 520 1127; baseline 0.004 -3"><span class='ocrx_word' id='word_1_48' title='bbox 268 1089 293 1124; x_wconf 84' lang='lat' dir='ltr'><em>a.</em></span> <span class='ocrx_word' id='word_1_49' title='bbox 313 1071 520 1127; x_wconf 82' lang='lat' dir='ltr'><em>Gorrelativam:</em></span> 
     </span>
    </p>

    <p class='ocr_par' dir='ltr' id='par_1_5' title="bbox 212 1162 1289 1393">
     <span class='ocr_line' id='line_1_9' title="bbox 303 1162 1288 1234; baseline -0.001 -17"><span class='ocrx_word' id='word_1_50' title='bbox 303 1181 330 1232; x_wconf 90' lang='lat' dir='ltr'><em>p.</em></span> <span class='ocrx_word' id='word_1_51' title='bbox 341 1162 448 1217; x_wconf 74' lang='lat' dir='ltr'><em>caucin.</em></span> <span class='ocrx_word' id='word_1_52' title='bbox 458 1162 507 1217; x_wconf 82' lang='lat'><em>48:</em></span> <span class='ocrx_word' id='word_1_53' title='bbox 531 1162 604 1216; x_wconf 88' lang='lat' dir='ltr'><em>Potes</em></span> <span class='ocrx_word' id='word_1_54' title='bbox 622 1163 702 1234; x_wconf 75' lang='lat' dir='ltr'><em>ipitar</em></span> <span class='ocrx_word' id='word_1_55' title='bbox 720 1163 804 1216; x_wconf 74' lang='lat' dir='ltr'><em>(liuere</em></span> <span class='ocrx_word' id='word_1_56' title='bbox 823 1181 873 1215; x_wconf 78' lang='lat' dir='ltr'><em>riou</em></span> <span class='ocrx_word' id='word_1_57' title='bbox 892 1164 983 1216; x_wconf 80' lang='lat' dir='ltr'><em>elsim</em></span> <span class='ocrx_word' id='word_1_58' title='bbox 996 1163 1081 1232; x_wconf 74' lang='lat' dir='ltr'><em>fuisse</em></span> <span class='ocrx_word' id='word_1_59' title='bbox 1100 1164 1288 1234; x_wconf 79' lang='lat' dir='ltr'><em>impedimenta,</em></span> 
     </span>
     <span class='ocr_line' id='line_1_10' title="bbox 213 1251 1289 1322; baseline 0.002 -20"><span class='ocrx_word' id='word_1_60' title='bbox 213 1251 263 1316; x_wconf 86' lang='lat' dir='ltr'><em>eui,</em></span> <span class='ocrx_word' id='word_1_61' title='bbox 291 1270 347 1304; x_wconf 88' lang='lat' dir='ltr'><em>eum</em></span> <span class='ocrx_word' id='word_1_62' title='bbox 370 1260 473 1321; x_wconf 82' lang='lat' dir='ltr'><em>cuperet</em></span> <span class='ocrx_word' id='word_1_63' title='bbox 500 1268 575 1320; x_wconf 83' lang='lat' dir='ltr'><em>eoque</em></span> <span class='ocrx_word' id='word_1_64' title='bbox 599 1252 702 1303; x_wconf 75' lang='lat' dir='ltr'><em>consilio</em></span> <span class='ocrx_word' id='word_1_65' title='bbox 725 1252 838 1318; x_wconf 62' lang='lat' dir='ltr'><em>reuertisset,</em></span> <span class='ocrx_word' id='word_1_66' title='bbox 862 1270 912 1322; x_wconf 79' lang='lat' dir='ltr'><em>per·</em></span> <span class='ocrx_word' id='word_1_67' title='bbox 931 1253 1042 1305; x_wconf 81' lang='lat' dir='ltr'><em>leauu&#39;ues</em></span> <span class='ocrx_word' id='word_1_68' title='bbox 1067 1260 1167 1305; x_wconf 78' lang='lat' dir='ltr'><em>eoae-tus</em></span> <span class='ocrx_word' id='word_1_69' title='bbox 1191 1253 1289 1306; x_wconf 78' lang='lat' dir='ltr'><em>licitum</em></span> 
     </span>
     <span class='ocr_line' id='line_1_11' title="bbox 212 1341 470 1393; baseline 0.004 -2"><span class='ocrx_word' id='word_1_70' title='bbox 212 1357 263 1392; x_wconf 80' lang='lat' dir='ltr'><em>uari</em></span> <span class='ocrx_word' id='word_1_71' title='bbox 281 1341 314 1393; x_wconf 88' lang='lat' dir='ltr'><em>sit</em></span> <span class='ocrx_word' id='word_1_72' title='bbox 332 1343 470 1393; x_wconf 71' lang='lat' dir='ltr'><em>assedere?</em></span> 
     </span>
    </p>

    <p class='ocr_par' dir='ltr' id='par_1_6' title="bbox 267 1429 476 1484">
     <span class='ocr_line' id='line_1_12' title="bbox 267 1429 476 1484; baseline 0 -2"><span class='ocrx_word' id='word_1_73' title='bbox 267 1429 293 1484; x_wconf 90' lang='lat' dir='ltr'><em>b.</em></span> <span class='ocrx_word' id='word_1_74' title='bbox 313 1429 476 1483; x_wconf 84' lang='lat' dir='ltr'><em>Relativam:</em></span> 
     </span>
    </p>

    <p class='ocr_par' dir='ltr' id='par_1_7' title="bbox 304 1518 1288 1589">
     <span class='ocr_line' id='line_1_13' title="bbox 304 1518 1288 1589; baseline 0.001 -18"><span class='ocrx_word' id='word_1_75' title='bbox 304 1518 337 1572; x_wconf 89' lang='lat' dir='ltr'><em>de</em></span> <span class='ocrx_word' id='word_1_76' title='bbox 355 1537 392 1573; x_wconf 91' lang='lat' dir='ltr'><em>or.</em></span> <span class='ocrx_word' id='word_1_77' title='bbox 410 1518 514 1572; x_wconf 83' lang='lat'>11311:</span> <span class='ocrx_word' id='word_1_78' title='bbox 543 1518 596 1571; x_wconf 81' lang='lat' dir='ltr'><em>Serl</em></span> <span class='ocrx_word' id='word_1_79' title='bbox 613 1520 652 1571; x_wconf 81' lang='lat' dir='ltr'><em>liis</em></span> <span class='ocrx_word' id='word_1_80' title='bbox 666 1520 786 1589; x_wconf 79' lang='lat' dir='ltr'><em>partitus</em></span> <span class='ocrx_word' id='word_1_81' title='bbox 805 1519 937 1586; x_wconf 79' lang='lat' dir='ltr'><em>arationis,</em></span> <span class='ocrx_word' id='word_1_82' title='bbox 957 1536 1028 1587; x_wconf 82' lang='lat' dir='ltr'><em>puae.</em></span> <span class='ocrx_word' id='word_1_83' title='bbox 1049 1520 1096 1572; x_wconf 86' lang='lat' dir='ltr'><em>etsi</em></span> <span class='ocrx_word' id='word_1_84' title='bbox 1113 1520 1178 1572; x_wconf 78' lang='lat' dir='ltr'><em>uiliil</em></span> <span class='ocrx_word' id='word_1_85' title='bbox 1194 1520 1288 1572; x_wconf 78' lang='lat' dir='ltr'><em>elaeeut</em></span> 
     </span>
    </p>

    <p class='ocr_par' dir='ltr' id='par_1_8' title="bbox 215 1609 1288 1751">
     <span class='ocr_line' id='line_1_14' title="bbox 215 1609 1288 1679; baseline 0.002 -20"><span class='ocrx_word' id='word_1_86' title='bbox 215 1609 427 1678; x_wconf 80' lang='lat' dir='ltr'><em>arpumeutauda,</em></span> <span class='ocrx_word' id='word_1_87' title='bbox 448 1609 626 1679; x_wconf 79' lang='lat' dir='ltr'><em>persuadendo</em></span> <span class='ocrx_word' id='word_1_88' title='bbox 646 1617 730 1661; x_wconf 80' lang='lat' dir='ltr'><em>taurea</em></span> <span class='ocrx_word' id='word_1_89' title='bbox 749 1616 773 1661; x_wconf 88' lang='lat' dir='ltr'><em>et</em></span> <span class='ocrx_word' id='word_1_90' title='bbox 791 1611 966 1662; x_wconf 80' lang='lat' dir='ltr'><em>eorruuoaeaclo</em></span> <span class='ocrx_word' id='word_1_91' title='bbox 981 1609 1122 1679; x_wconf 73' lang='lat' dir='ltr'><em>prate-luat</em></span> <span class='ocrx_word' id='word_1_92' title='bbox 1137 1610 1288 1679; x_wconf 80' lang='lat' dir='ltr'><em>plurimum.</em></span> 
     </span>
     <span class='ocr_line' id='line_1_15' title="bbox 269 1697 571 1751; baseline -0.003 -2"><span class='ocrx_word' id='word_1_93' title='bbox 269 1714 291 1749; x_wconf 84' lang='lat' dir='ltr'><em>e.</em></span> <span class='ocrx_word' id='word_1_94' title='bbox 311 1697 571 1751; x_wconf 84' lang='lat' dir='ltr'><em>Demonstrativam:</em></span> 
     </span>
    </p>

    <p class='ocr_par' dir='ltr' id='par_1_9' title="bbox 214 1785 1289 2037">
     <span class='ocr_line' id='line_1_16' title="bbox 304 1785 1289 1857; baseline -0.002 -17"><span class='ocrx_word' id='word_1_95' title='bbox 304 1805 331 1856; x_wconf 90' lang='lat' dir='ltr'><em>p.</em></span> <span class='ocrx_word' id='word_1_96' title='bbox 350 1785 418 1840; x_wconf 85' lang='lat' dir='ltr'><em>Sest.</em></span> <span class='ocrx_word' id='word_1_97' title='bbox 440 1787 505 1840; x_wconf 87' lang='lat'>110:</span> <span class='ocrx_word' id='word_1_98' title='bbox 533 1787 606 1838; x_wconf 78' lang='lat' dir='ltr'><em>Nileil</em></span> <span class='ocrx_word' id='word_1_99' title='bbox 631 1787 685 1839; x_wconf 84' lang='lat' dir='ltr'><em>uidi</em></span> <span class='ocrx_word' id='word_1_100' title='bbox 711 1787 804 1857; x_wconf 75' lang='lat' dir='ltr'><em>erupis:</em></span> <span class='ocrx_word' id='word_1_101' title='bbox 829 1788 879 1855; x_wconf 81' lang='lat' dir='ltr'><em>qui,</em></span> <span class='ocrx_word' id='word_1_102' title='bbox 908 1805 963 1839; x_wconf 76' lang='lat' dir='ltr'><em>euni</em></span> <span class='ocrx_word' id='word_1_103' title='bbox 987 1787 1040 1839; x_wconf 90' lang='lat' dir='ltr'><em>eius</em></span> <span class='ocrx_word' id='word_1_104' title='bbox 1063 1788 1234 1840; x_wconf 76' lang='lat' dir='ltr'><em>adolescentia</em></span> <span class='ocrx_word' id='word_1_105' title='bbox 1262 1788 1289 1839; x_wconf 82' lang='lat' dir='ltr'><em>ia</em></span> 
     </span>
     <span class='ocr_line' id='line_1_17' title="bbox 214 1870 1288 1950; baseline -0.003 -19"><span class='ocrx_word' id='word_1_106' title='bbox 214 1870 375 1950; x_wconf 68' lang='lat' dir='ltr'><em>atriplissimis</em></span> <span class='ocrx_word' id='word_1_107' title='bbox 393 1876 528 1929; x_wconf 78' lang='lat' dir='ltr'><em>linearibus</em></span> <span class='ocrx_word' id='word_1_108' title='bbox 550 1877 641 1929; x_wconf 85' lang='lat' dir='ltr'><em>suuuni</em></span> <span class='ocrx_word' id='word_1_109' title='bbox 663 1876 721 1930; x_wconf 84' lang='lat' dir='ltr'><em>viri.</em></span> <span class='ocrx_word' id='word_1_110' title='bbox 746 1875 775 1927; x_wconf 91' lang='lat' dir='ltr'><em>L.</em></span> <span class='ocrx_word' id='word_1_111' title='bbox 789 1875 904 1946; x_wconf 78' lang='lat' dir='ltr'><em>Philippi</em></span> <span class='ocrx_word' id='word_1_112' title='bbox 928 1876 1021 1942; x_wconf 78' lang='lat' dir='ltr'><em>uitrici,</em></span> <span class='ocrx_word' id='word_1_113' title='bbox 1039 1877 1135 1944; x_wconf 74' lang='lat' dir='ltr'><em>¹llorere</em></span> <span class='ocrx_word' id='word_1_114' title='bbox 1154 1877 1288 1946; x_wconf 82' lang='lat' dir='ltr'><em>patuisset,</em></span> 
     </span>
     <span class='ocr_line' id='line_1_18' title="bbox 214 1965 756 2037; baseline -0.015 -13"><span class='ocrx_word' id='word_1_115' title='bbox 214 1986 291 2037; x_wconf 80' lang='lat' dir='ltr'><em>usque</em></span> <span class='ocrx_word' id='word_1_116' title='bbox 309 1985 338 2020; x_wconf 85' lang='lat' dir='ltr'><em>ea</em></span> <span class='ocrx_word' id='word_1_117' title='bbox 358 1983 407 2018; x_wconf 84' lang='lat' dir='ltr'><em>aaa</em></span> <span class='ocrx_word' id='word_1_118' title='bbox 424 1965 476 2034; x_wconf 81' lang='lat' dir='ltr'><em>suit</em></span> <span class='ocrx_word' id='word_1_119' title='bbox 490 1965 636 2035; x_wconf 84' lang='lat' dir='ltr'><em>popularis,</em></span> <span class='ocrx_word' id='word_1_120' title='bbox 656 1972 703 2018; x_wconf 90' lang='lat' dir='ltr'><em>ut.</em></span> <span class='ocrx_word' id='word_1_121' title='bbox 724 2004 730 2016; x_wconf 94' lang='lat'><strong>.</strong></span> <span class='ocrx_word' id='word_1_122' title='bbox 751 2005 756 2016; x_wconf 96' lang='lat'><strong>.</strong></span> 
     </span>
    </p>

    <p class='ocr_par' dir='ltr' id='par_1_10' title="bbox 214 2052 1295 2200">
     <span class='ocr_line' id='line_1_19' title="bbox 214 2052 1291 2125; baseline -0.004 -13"><span class='ocrx_word' id='word_1_123' title='bbox 214 2060 239 2112; x_wconf 78' lang='lat'><em>2.</em></span> <span class='ocrx_word' id='word_1_124' title='bbox 258 2056 303 2109; x_wconf 85' lang='lat' dir='ltr'><em>Ad</em></span> <span class='ocrx_word' id='word_1_125' title='bbox 327 2074 358 2109; x_wconf 85' lang='lat' dir='ltr'><em>ea</em></span> <span class='ocrx_word' id='word_1_126' title='bbox 382 2073 451 2125; x_wconf 82' lang='lat' dir='ltr'><em>quae</em></span> <span class='ocrx_word' id='word_1_127' title='bbox 476 2060 636 2124; x_wconf 86' lang='lat' dir='ltr'><em>sequuntur;</em></span> <span class='ocrx_word' id='word_1_128' title='bbox 665 2053 738 2124; x_wconf 87' lang='lat' dir='ltr'><em>quod</em></span> <span class='ocrx_word' id='word_1_129' title='bbox 764 2072 823 2107; x_wconf 89' lang='lat' dir='ltr'><em>eum</em></span> <span class='ocrx_word' id='word_1_130' title='bbox 849 2053 888 2120; x_wconf 90' lang='lat' dir='ltr'><em>fit,</em></span> <span class='ocrx_word' id='word_1_131' title='bbox 917 2052 998 2106; x_wconf 85' lang='lat' dir='ltr'><em>habet</em></span> <span class='ocrx_word' id='word_1_132' title='bbox 1024 2053 1091 2106; x_wconf 88' lang='lat' dir='ltr'><em>iliud</em></span> <span class='ocrx_word' id='word_1_133' title='bbox 1119 2053 1173 2107; x_wconf 80' lang='lat' dir='ltr'><em>vim</em></span> <span class='ocrx_word' id='word_1_134' title='bbox 1200 2071 1291 2108; x_wconf 84' lang='lat' dir='ltr'><em>eorre-</em></span> 
     </span>
     <span class='ocr_line' id='line_1_20' title="bbox 260 2147 1295 2200; baseline -0.005 0"><span class='ocrx_word' id='word_1_135' title='bbox 260 2147 383 2200; x_wconf 82' lang='lat' dir='ltr'><em>lativam:</em></span> <span class='ocrx_word' id='word_1_136' title='bbox 1292 2147 1295 2157; x_wconf 87' lang='grc'><strong>“</strong></span> 
     </span>
    </p>

    <p class='ocr_par' dir='ltr' id='par_1_11' title="bbox 212 2230 1291 2467">
     <span class='ocr_line' id='line_1_21' title="bbox 304 2230 1291 2302; baseline -0.001 -16"><span class='ocrx_word' id='word_1_137' title='bbox 304 2235 383 2287; x_wconf 84' lang='lat' dir='ltr'><em>Tuse.</em></span> <span class='ocrx_word' id='word_1_138' title='bbox 403 2232 472 2301; x_wconf 89' lang='lat' dir='ltr'><strong>disp.</strong></span> <span class='ocrx_word' id='word_1_139' title='bbox 491 2230 504 2283; x_wconf 92' lang='lat' dir='ltr'>I</span> <span class='ocrx_word' id='word_1_140' title='bbox 523 2233 571 2285; x_wconf 79' lang='lat'><em>86:</em></span> <span class='ocrx_word' id='word_1_141' title='bbox 601 2232 657 2295; x_wconf 78' lang='lat' dir='ltr'><em>Qut,</em></span> <span class='ocrx_word' id='word_1_142' title='bbox 686 2232 709 2284; x_wconf 86' lang='lat' dir='ltr'><em>si</em></span> <span class='ocrx_word' id='word_1_143' title='bbox 736 2238 840 2284; x_wconf 78' lang='lat' dir='ltr'><em>urorlem</em></span> <span class='ocrx_word' id='word_1_144' title='bbox 868 2239 919 2285; x_wconf 87' lang='lat' dir='ltr'><em>tum</em></span> <span class='ocrx_word' id='word_1_145' title='bbox 947 2232 1044 2297; x_wconf 59' lang='lat' dir='ltr'><em>obfusa,</em></span> <span class='ocrx_word' id='word_1_146' title='bbox 1072 2232 1099 2284; x_wconf 86' lang='lat' dir='ltr'><em>iu</em></span> <span class='ocrx_word' id='word_1_147' title='bbox 1127 2233 1291 2302; x_wconf 67' lang='lat' dir='ltr'><em>amplissimis</em></span> 
     </span>
     <span class='ocr_line' id='line_1_22' title="bbox 212 2321 1290 2394; baseline -0.006 -17"><span class='ocrx_word' id='word_1_148' title='bbox 212 2326 323 2394; x_wconf 77' lang='lat' dir='ltr'><em>surtariis</em></span> <span class='ocrx_word' id='word_1_149' title='bbox 347 2322 484 2387; x_wconf 69' lang='lat' dir='ltr'><em>pretulisset,</em></span> <span class='ocrx_word' id='word_1_150' title='bbox 508 2322 529 2372; x_wconf 85' lang='lat' dir='ltr'><em>is</em></span> <span class='ocrx_word' id='word_1_151' title='bbox 548 2321 738 2390; x_wconf 78' lang='lat' dir='ltr'><em>propapatioue</em></span> <span class='ocrx_word' id='word_1_152' title='bbox 756 2321 824 2373; x_wconf 85' lang='lat' dir='ltr'><em>ultae</em></span> <span class='ocrx_word' id='word_1_153' title='bbox 848 2328 914 2388; x_wconf 80' lang='lat' dir='ltr'><em>quot,</em></span> <span class='ocrx_word' id='word_1_154' title='bbox 939 2329 1055 2389; x_wconf 75' lang='lat' dir='ltr'><em>quartas,</em></span> <span class='ocrx_word' id='word_1_155' title='bbox 1084 2338 1158 2389; x_wconf 75' lang='lat' dir='ltr'><em>quum</em></span> <span class='ocrx_word' id='word_1_156' title='bbox 1176 2321 1290 2374; x_wconf 78' lang='lat' dir='ltr'><em>incredi-</em></span> 
     </span>
     <span class='ocr_line' id='line_1_23' title="bbox 215 2411 566 2467; baseline -0.02 0"><span class='ocrx_word' id='word_1_157' title='bbox 215 2416 274 2467; x_wconf 85' lang='lat' dir='ltr'><em>biles</em></span> <span class='ocrx_word' id='word_1_158' title='bbox 292 2414 376 2466; x_wconf 79' lang='lat' dir='ltr'><em>liausit</em></span> <span class='ocrx_word' id='word_1_159' title='bbox 395 2411 566 2463; x_wconf 73' lang='lat' dir='ltr'><em>calamitates!</em></span> 
     </span>
    </p>

    <p class='ocr_par' dir='ltr' id='par_1_12' title="bbox 305 2497 1021 2556">
     <span class='ocr_line' id='line_1_24' title="bbox 305 2497 1021 2556; baseline -0.006 0"><span class='ocrx_word' id='word_1_160' title='bbox 305 2501 442 2556; x_wconf 81' lang='lat' dir='ltr'><em>Interdum</em></span> <span class='ocrx_word' id='word_1_161' title='bbox 462 2500 604 2554; x_wconf 81' lang='lat' dir='ltr'><em>relativum</em></span> <span class='ocrx_word' id='word_1_162' title='bbox 624 2497 732 2552; x_wconf 80' lang='lat' dir='ltr'><em>exhibet</em></span> <span class='ocrx_word' id='word_1_163' title='bbox 750 2498 804 2552; x_wconf 86' lang='lat' dir='ltr'><em>vim</em></span> <span class='ocrx_word' id='word_1_164' title='bbox 824 2499 1021 2552; x_wconf 84' lang='lat' dir='ltr'><em>attributivam:</em></span> 
     </span>
    </p>

    <p class='ocr_par' dir='ltr' id='par_1_13' title="bbox 215 2588 1288 2751">
     <span class='ocr_line' id='line_1_25' title="bbox 303 2588 1288 2659; baseline -0.003 -15"><span class='ocrx_word' id='word_1_165' title='bbox 303 2592 337 2646; x_wconf 82' lang='lat' dir='ltr'><em>de</em></span> <span class='ocrx_word' id='word_1_166' title='bbox 356 2598 410 2644; x_wconf 87' lang='lat' dir='ltr'><em>nat.</em></span> <span class='ocrx_word' id='word_1_167' title='bbox 432 2590 505 2644; x_wconf 88' lang='lat' dir='ltr'><em>deor.</em></span> <span class='ocrx_word' id='word_1_168' title='bbox 529 2589 556 2642; x_wconf 87' lang='grc' dir='ltr'><em>ΙΙ</em></span> <span class='ocrx_word' id='word_1_169' title='bbox 580 2588 642 2643; x_wconf 83' lang='lat'>160:</span> <span class='ocrx_word' id='word_1_170' title='bbox 677 2608 726 2657; x_wconf 76' lang='lat' dir='ltr'><em>pua</em></span> <span class='ocrx_word' id='word_1_171' title='bbox 758 2591 857 2659; x_wconf 82' lang='lat' dir='ltr'><em>pecude</em></span> <span class='ocrx_word' id='word_1_172' title='bbox 888 2591 956 2658; x_wconf 79' lang='lat' dir='ltr'><em>quud</em></span> <span class='ocrx_word' id='word_1_173' title='bbox 984 2597 1041 2642; x_wconf 84' lang='lat' dir='ltr'><em>erat</em></span> <span class='ocrx_word' id='word_1_174' title='bbox 1071 2590 1108 2643; x_wconf 88' lang='lat' dir='ltr'><em>ad</em></span> <span class='ocrx_word' id='word_1_175' title='bbox 1136 2591 1288 2643; x_wconf 77' lang='lat' dir='ltr'><em>uescendum</em></span> 
     </span>
     <span class='ocr_line' id='line_1_26' title="bbox 215 2679 897 2751; baseline -0.006 -17"><span class='ocrx_word' id='word_1_176' title='bbox 215 2682 355 2734; x_wconf 74' lang='lat' dir='ltr'><em>leomiailius</em></span> <span class='ocrx_word' id='word_1_177' title='bbox 374 2689 437 2751; x_wconf 89' lang='lat' dir='ltr'><em>apta</em></span> <span class='ocrx_word' id='word_1_178' title='bbox 457 2679 521 2732; x_wconf 78' lang='lat' dir='ltr'><em>nilril</em></span> <span class='ocrx_word' id='word_1_179' title='bbox 536 2679 624 2748; x_wconf 74' lang='lat' dir='ltr'><em>penult</em></span> <span class='ocrx_word' id='word_1_180' title='bbox 642 2685 737 2732; x_wconf 80' lang='lat' dir='ltr'><em>natura</em></span> <span class='ocrx_word' id='word_1_181' title='bbox 754 2679 897 2747; x_wconf 79' lang='lat' dir='ltr'><em>seeumlius.</em></span> 
     </span>
    </p>
   </div>
   <div class='ocr_carea' id='block_1_4' title="bbox 208 2856 1291 4163">
    <p class='ocr_par' dir='ltr' id='par_1_14' title="bbox 208 2856 1291 4163">
     <span class='ocr_line' id='line_1_27' title="bbox 302 2856 787 2912; baseline -0.006 0"><span class='ocrx_word' id='word_1_182' title='bbox 302 2858 522 2912; x_wconf 82' lang='lat' dir='ltr'><em>Enuntietum</em></span> <span class='ocrx_word' id='word_1_183' title='bbox 542 2856 787 2911; x_wconf 82' lang='lat' dir='ltr'><em>secundarium:</em></span> 
     </span>
     <span class='ocr_line' id='line_1_28' title="bbox 215 2945 900 3016; baseline -0.006 -15"><span class='ocrx_word' id='word_1_184' title='bbox 215 2950 239 3001; x_wconf 89' lang='lat'><em>1.</em></span> <span class='ocrx_word' id='word_1_185' title='bbox 259 2948 393 3014; x_wconf 81' lang='lat' dir='ltr'><em>Quantum</em></span> <span class='ocrx_word' id='word_1_186' title='bbox 415 2947 450 2999; x_wconf 85' lang='lat' dir='ltr'><em>ad</em></span> <span class='ocrx_word' id='word_1_187' title='bbox 469 2947 526 3001; x_wconf 87' lang='lat' dir='ltr'><em>eius</em></span> <span class='ocrx_word' id='word_1_188' title='bbox 545 2945 635 3001; x_wconf 86' lang='lat' dir='ltr'><em>locum</em></span> <span class='ocrx_word' id='word_1_189' title='bbox 653 2945 778 3015; x_wconf 81' lang='lat' dir='ltr'><em>pertinet,</em></span> <span class='ocrx_word' id='word_1_190' title='bbox 798 2952 900 3016; x_wconf 88' lang='lat' dir='ltr'><em>potest:</em></span> 
     </span>
     <span class='ocr_line' id='line_1_29' title="bbox 268 3033 937 3106; baseline -0.006 -16"><span class='ocrx_word' id='word_1_191' title='bbox 268 3057 291 3090; x_wconf 86' lang='lat' dir='ltr'><em>a.</em></span> <span class='ocrx_word' id='word_1_192' title='bbox 310 3037 451 3106; x_wconf 86' lang='lat' dir='ltr'><em>Interponi</em></span> <span class='ocrx_word' id='word_1_193' title='bbox 470 3037 540 3089; x_wconf 89' lang='lat' dir='ltr'><em>inter</em></span> <span class='ocrx_word' id='word_1_194' title='bbox 558 3042 649 3104; x_wconf 86' lang='lat' dir='ltr'><em>partes</em></span> <span class='ocrx_word' id='word_1_195' title='bbox 669 3033 800 3087; x_wconf 86' lang='lat' dir='ltr'><em>enuntiati</em></span> <span class='ocrx_word' id='word_1_196' title='bbox 819 3033 937 3087; x_wconf 83' lang='lat' dir='ltr'><em>relativi:</em></span> 
     </span>
     <span class='ocr_line' id='line_1_30' title="bbox 303 3123 1290 3194; baseline -0.001 -16"><span class='ocrx_word' id='word_1_197' title='bbox 303 3127 329 3179; x_wconf 89' lang='lat' dir='ltr'><em>in</em></span> <span class='ocrx_word' id='word_1_198' title='bbox 350 3126 424 3179; x_wconf 89' lang='lat' dir='ltr'><em>Verr.</em></span> <span class='ocrx_word' id='word_1_199' title='bbox 445 3124 462 3177; x_wconf 93' lang='lat' dir='ltr'><em>l.</em></span> <span class='ocrx_word' id='word_1_200' title='bbox 482 3124 506 3176; x_wconf 86' lang='lat' dir='ltr'><em>ll</em></span> <span class='ocrx_word' id='word_1_201' title='bbox 527 3124 591 3178; x_wconf 86' lang='lat'>138:</span> <span class='ocrx_word' id='word_1_202' title='bbox 621 3123 708 3192; x_wconf 78' lang='lat' dir='ltr'><em>quihus</em></span> <span class='ocrx_word' id='word_1_203' title='bbox 730 3125 753 3175; x_wconf 87' lang='lat' dir='ltr'><em>si</em></span> <span class='ocrx_word' id='word_1_204' title='bbox 776 3123 837 3191; x_wconf 75' lang='lat' dir='ltr'><em>preld</em></span> <span class='ocrx_word' id='word_1_205' title='bbox 860 3123 1045 3188; x_wconf 76' lang='lat' dir='ltr'><em>eoiruuisissent,</em></span> <span class='ocrx_word' id='word_1_206' title='bbox 1069 3141 1168 3194; x_wconf 82' lang='lat' dir='ltr'><em>paenae</em></span> <span class='ocrx_word' id='word_1_207' title='bbox 1193 3124 1290 3194; x_wconf 77' lang='lat' dir='ltr'><em>lepibus</em></span> 
     </span>
     <span class='ocr_line' id='line_1_31' title="bbox 214 3217 464 3271; baseline -0.012 0"><span class='ocrx_word' id='word_1_208' title='bbox 214 3226 288 3271; x_wconf 77' lang='lat' dir='ltr'><em>eraut</em></span> <span class='ocrx_word' id='word_1_209' title='bbox 306 3217 464 3270; x_wconf 74' lang='lat' dir='ltr'><em>constitutae.</em></span> 
     </span>
     <span class='ocr_line' id='line_1_32' title="bbox 268 3305 751 3377; baseline -0.008 -16"><span class='ocrx_word' id='word_1_210' title='bbox 268 3309 293 3361; x_wconf 91' lang='lat' dir='ltr'><em>b.</em></span> <span class='ocrx_word' id='word_1_211' title='bbox 314 3307 447 3377; x_wconf 89' lang='lat' dir='ltr'><em>Postponi</em></span> <span class='ocrx_word' id='word_1_212' title='bbox 466 3307 605 3360; x_wconf 85' lang='lat' dir='ltr'><em>enuntiato</em></span> <span class='ocrx_word' id='word_1_213' title='bbox 625 3305 751 3359; x_wconf 85' lang='lat' dir='ltr'><em>relativo:</em></span> 
     </span>
     <span class='ocr_line' id='line_1_33' title="bbox 303 3394 1291 3466; baseline -0.002 -16"><span class='ocrx_word' id='word_1_214' title='bbox 303 3397 401 3451; x_wconf 91' lang='lat' dir='ltr'><em>defin.</em></span> <span class='ocrx_word' id='word_1_215' title='bbox 421 3396 482 3451; x_wconf 84' lang='lat'><em>18:</em></span> <span class='ocrx_word' id='word_1_216' title='bbox 511 3396 604 3458; x_wconf 80' lang='lat' dir='ltr'><em>Quibus</em></span> <span class='ocrx_word' id='word_1_217' title='bbox 628 3413 672 3466; x_wconf 77' lang='lat' dir='ltr'><em>epo</em></span> <span class='ocrx_word' id='word_1_218' title='bbox 691 3396 823 3448; x_wconf 77' lang='lat' dir='ltr'><em>assentiar.</em></span> <span class='ocrx_word' id='word_1_219' title='bbox 848 3396 983 3447; x_wconf 76' lang='lat' dir='ltr'><em>durumurla</em></span> <span class='ocrx_word' id='word_1_220' title='bbox 1007 3396 1038 3446; x_wconf 78' lang='lat' dir='ltr'><em>ele</em></span> <span class='ocrx_word' id='word_1_221' title='bbox 1063 3394 1139 3446; x_wconf 79' lang='lat' dir='ltr'><em>iselam</em></span> <span class='ocrx_word' id='word_1_222' title='bbox 1163 3395 1238 3448; x_wconf 73' lang='lat' dir='ltr'><em>relius</em></span> <span class='ocrx_word' id='word_1_223' title='bbox 1257 3412 1291 3448; x_wconf 82' lang='lat' dir='ltr'><em>ue</em></span> 
     </span>
     <span class='ocr_line' id='line_1_34' title="bbox 215 3485 692 3555; baseline -0.006 -16"><span class='ocrx_word' id='word_1_224' title='bbox 215 3487 327 3540; x_wconf 77' lang='lat' dir='ltr'><em>Graecas</em></span> <span class='ocrx_word' id='word_1_225' title='bbox 346 3487 443 3554; x_wconf 73' lang='lat' dir='ltr'><em>eui&#39;rlem</em></span> <span class='ocrx_word' id='word_1_226' title='bbox 464 3485 580 3555; x_wconf 76' lang='lat' dir='ltr'><em>lepeuelos</em></span> <span class='ocrx_word' id='word_1_227' title='bbox 594 3493 692 3554; x_wconf 79' lang='lat' dir='ltr'><em>putent.</em></span> 
     </span>
     <span class='ocr_line' id='line_1_35' title="bbox 214 3572 994 3642; baseline -0.008 -12"><span class='ocrx_word' id='word_1_228' title='bbox 214 3577 239 3630; x_wconf 78' lang='lat'><em>2.</em></span> <span class='ocrx_word' id='word_1_229' title='bbox 260 3576 397 3641; x_wconf 77' lang='lat' dir='ltr'><em>Quantum</em></span> <span class='ocrx_word' id='word_1_230' title='bbox 417 3574 451 3627; x_wconf 85' lang='lat' dir='ltr'><em>ad</em></span> <span class='ocrx_word' id='word_1_231' title='bbox 472 3574 527 3628; x_wconf 87' lang='lat' dir='ltr'><em>eius</em></span> <span class='ocrx_word' id='word_1_232' title='bbox 547 3582 670 3628; x_wconf 82' lang='lat' dir='ltr'><em>naturam</em></span> <span class='ocrx_word' id='word_1_233' title='bbox 690 3572 794 3639; x_wconf 79' lang='lat' dir='ltr'><em>attinet,</em></span> <span class='ocrx_word' id='word_1_234' title='bbox 814 3579 994 3642; x_wconf 82' lang='lat' dir='ltr'><em>potestesse:</em></span> 
     </span>
     <span class='ocr_line' id='line_1_36' title="bbox 267 3663 478 3718; baseline 0 -1"><span class='ocrx_word' id='word_1_235' title='bbox 267 3684 291 3717; x_wconf 82' lang='lat' dir='ltr'><em>a.</em></span> <span class='ocrx_word' id='word_1_236' title='bbox 312 3663 478 3718; x_wconf 81' lang='lat' dir='ltr'><em>adverbiale:</em></span> 
     </span>
     <span class='ocr_line' id='line_1_37' title="bbox 304 3749 1079 3822; baseline -0.006 -16"><span class='ocrx_word' id='word_1_237' title='bbox 304 3753 337 3807; x_wconf 88' lang='lat' dir='ltr'><em>de</em></span> <span class='ocrx_word' id='word_1_238' title='bbox 356 3754 402 3806; x_wconf 91' lang='lat' dir='ltr'><em>fin.</em></span> <span class='ocrx_word' id='word_1_239' title='bbox 422 3752 465 3806; x_wconf 86' lang='lat'><em>18</em></span> <span class='ocrx_word' id='word_1_240' title='bbox 484 3752 557 3819; x_wconf 79' lang='lat' dir='ltr'><em>(vide</em></span> <span class='ocrx_word' id='word_1_241' title='bbox 576 3751 697 3822; x_wconf 79' lang='lat' dir='ltr'><em>proxime</em></span> <span class='ocrx_word' id='word_1_242' title='bbox 717 3769 798 3820; x_wconf 80' lang='lat' dir='ltr'><em>supra</em></span> <span class='ocrx_word' id='word_1_243' title='bbox 817 3750 888 3803; x_wconf 91' lang='lat' dir='ltr'><em>idem</em></span> <span class='ocrx_word' id='word_1_244' title='bbox 909 3749 1079 3820; x_wconf 84' lang='lat' dir='ltr'><em>exemplum).</em></span> 
     </span>
     <span class='ocr_line' id='line_1_38' title="bbox 269 3842 469 3896; baseline -0.005 -1"><span class='ocrx_word' id='word_1_245' title='bbox 269 3844 295 3895; x_wconf 89' lang='lat' dir='ltr'><em>b.</em></span> <span class='ocrx_word' id='word_1_246' title='bbox 314 3842 469 3896; x_wconf 87' lang='lat' dir='ltr'><em>relativum:</em></span> 
     </span>
     <span class='ocr_line' id='line_1_39' title="bbox 303 3929 1291 3999; baseline -0.002 -15"><span class='ocrx_word' id='word_1_247' title='bbox 303 3933 330 3984; x_wconf 89' lang='lat' dir='ltr'><em>in</em></span> <span class='ocrx_word' id='word_1_248' title='bbox 350 3932 424 3985; x_wconf 87' lang='lat' dir='ltr'><em>Verr.</em></span> <span class='ocrx_word' id='word_1_249' title='bbox 445 3932 461 3984; x_wconf 87' lang='lat' dir='ltr'><em>i.</em></span> <span class='ocrx_word' id='word_1_250' title='bbox 483 3932 504 3983; x_wconf 93' lang='lat' dir='ltr'>V</span> <span class='ocrx_word' id='word_1_251' title='bbox 524 3931 572 3985; x_wconf 81' lang='lat'><em>55:</em></span> <span class='ocrx_word' id='word_1_252' title='bbox 601 3939 721 3999; x_wconf 75' lang='lat' dir='ltr'><em>quantum</em></span> <span class='ocrx_word' id='word_1_253' title='bbox 752 3930 836 3983; x_wconf 82' lang='lat' dir='ltr'><em>debuit</em></span> <span class='ocrx_word' id='word_1_254' title='bbox 864 3929 916 3981; x_wconf 83' lang='lat' dir='ltr'><em>eius</em></span> <span class='ocrx_word' id='word_1_255' title='bbox 938 3929 1052 3995; x_wconf 77' lang='lat' dir='ltr'><em>laminis,</em></span> <span class='ocrx_word' id='word_1_256' title='bbox 1081 3929 1131 3997; x_wconf 77' lang='lat' dir='ltr'><em>qul.</em></span> <span class='ocrx_word' id='word_1_257' title='bbox 1160 3947 1177 3979; x_wconf 88' lang='lat' dir='ltr'><em>a</em></span> <span class='ocrx_word' id='word_1_258' title='bbox 1200 3929 1291 3997; x_wconf 71' lang='lat' dir='ltr'><em>quilius</em></span> 
     </span>
     <span class='ocr_line' id='line_1_40' title="bbox 208 4018 992 4089; baseline 0 -18"><span class='ocrx_word' id='word_1_259' title='bbox 208 4021 370 4089; x_wconf 74' lang='lat' dir='ltr'><em>srurueulum</em></span> <span class='ocrx_word' id='word_1_260' title='bbox 390 4038 469 4073; x_wconf 78' lang='lat' dir='ltr'><em>amem</em></span> <span class='ocrx_word' id='word_1_261' title='bbox 489 4021 619 4085; x_wconf 79' lang='lat' dir='ltr'><em>debuisset,</em></span> <span class='ocrx_word' id='word_1_262' title='bbox 637 4020 668 4071; x_wconf 85' lang='lat' dir='ltr'><em>iis</em></span> <span class='ocrx_word' id='word_1_263' title='bbox 687 4020 814 4072; x_wconf 77' lang='lat' dir='ltr'><em>elec-retum</em></span> <span class='ocrx_word' id='word_1_264' title='bbox 833 4018 992 4071; x_wconf 77' lang='lat' dir='ltr'><em>uendidisset.</em></span> 
     </span>
     <span class='ocr_line' id='line_1_41' title="bbox 269 4110 522 4163; baseline -0.008 -1"><span class='ocrx_word' id='word_1_265' title='bbox 269 4128 289 4162; x_wconf 86' lang='lat' dir='ltr'><em>e.</em></span> <span class='ocrx_word' id='word_1_266' title='bbox 311 4110 522 4163; x_wconf 82' lang='lat' dir='ltr'><em>substantivum:</em></span> 
     </span>
    </p>
   </div>
   <div class='ocr_carea' id='block_1_5' title="bbox 0 0 1440 4762">
    <p class='ocr_par' dir='ltr' id='par_1_15' title="bbox 0 0 1440 4762">
     <span class='ocr_line' id='line_1_42' title="bbox 0 0 1440 4762; baseline 0 0"><span class='ocrx_word' id='word_1_267' title='bbox 0 0 1440 4762; x_wconf 95' lang='lat' dir='ltr'><em> </em></span> 
     </span>
    </p>
   </div>
  </div>
 </body>
</html>
