2866 4762
606 281 819 344 ,92-

178 459 326 541 opulento
368 461 418 521 vir
456 481 594 521 eorruaae
633 457 667 536 (i.
705 481 731 522 e.
769 458 891 524 Aratus
927 458 1115 549 Sicyonius)
1144 462 1248 545 facile

177 567 358 649 >impetravit
373 578 407 629 ut
420 567 543 650 prandi
552 568 693 650 pecunia
717 567 925 631 adiuvaretur
955 567 1034 646 (diei
1058 577 1204 653 poterat:
1228 594 1248 634 a

177 693 255 755 quo,
280 681 316 735 ut
339 680 409 737 erat
432 695 492 736 rex
519 672 709 757 opulentae,
740 672 820 737 vel:
846 696 865 737 a
889 695 953 759 quo
977 697 1055 759 rege
1079 676 1247 761 opulento,

177 800 251 841 oum
269 779 319 842 ei.
334 829 342 844 .
357 802 380 860 ‚3
405 802 477 863 repe
496 780 642 866 opulento
660 780 752 844 velut
769 782 1008 866 appositionem
1028 782 1249 869 intellegimus

114 902 116 909 ·
176 884 432 950 demonstrativo
457 885 632 950 subandito
657 909 698 950 eo
723 887 937 966 adiunctam).

269 992 309 1056 In
334 994 479 1057 oratione
504 992 651 1079 obliqua:

267 1099 349 1164 Cato
373 1123 415 1165 m.
441 1101 497 1165 64:
526 1100 648 1181 Quibus
673 1126 742 1165 cour
766 1127 786 1166 a
810 1106 919 1167 coorto
949 1126 1093 1168 cooaeaau
1112 1105 1250 1190 plautus

177 1220 254 1271 eaaet
281 1209 448 1293 *irruitiplea
476 1210 583 1286 datae,
616 1211 734 1273 diuisae
762 1233 799 1272 ao
825 1213 868 1274 iia
892 1214 1065 1295 quendam:
1095 1211 1181 1298 (prm
1207 1235 1249 1277 ex

179 1316 308 1400 quibus,
334 1339 408 1381 eum
433 1318 479 1381 eis
504 1367 511 1381 .
539 1368 545 1381 .
572 1312 604 1398 ..)

269 1552 503 1613 Aoonsativns
528 1549 672 1633 ponitur:

270 1675 343 1738 Pro
366 1676 568 1759 genetivo:

268 1781 309 1846 ad
327 1783 403 1845 fam.
429 1781 481 1845 XI
505 1782 536 1863 o,
554 1781 588 1845 3:
616 1783 701 1866 qood
722 1804 915 1866 quamquam
938 1782 1084 1866 intelleqo
1109 1806 1157 1847 rue
1181 1808 1250 1847 euru

178 1890 285 1953 attritio
302 1890 554 1971 eoaefaotururu,
577 1902 679 1952 tameo
696 1901 845 1974 oppetam
860 1889 953 1952 totus
970 1892 1019 1952 rei
1031 1893 1251 1976 principatum

179 1996 259 2075 (diei
275 2005 395 2082 potest:
414 1997 524 2060 ouius
536 1997 606 2079 rei,
625 2018 823 2082 quamquam
841 1996 996 2081 intellego
1009 2020 1061 2061 me
1077 2020 1158 2062 eam
1172 2048 1179 2062 .
1195 2048 1201 2062 .
1217 1994 1249 2080 ..)

267 2104 331 2167 Pro
356 2103 458 2168 verbo
474 2103 566 2167 finito
584 2113 617 2167 et
632 2103 795 2189 particula
811 2103 1023 2169 subiunctiva
1039 2106 1249 2191 participium

180 2212 326 2296 ponitur:

269 2317 324 2383 Or.
350 2320 384 2383 9:
411 2340 506 2402 qaam
522 2322 697 2382 intuentia
714 2341 811 2403 eaque
827 2320 946 2401 opttus
968 2321 1012 2382 ad
1034 2321 1122 2383 illiue
1138 2321 1251 2384 etratu-

179 2428 318 2490 tudinem
353 2439 452 2488 artem
487 2438 515 2489 et
549 2448 678 2488 tironum
710 2426 870 2509 diripiebat
898 2423 1019 2510 (potest
1047 2426 1126 2492 diei:
1153 2450 1250 2513 quam

179 2555 253 2598 eum
286 2532 476 2597 intuebatur
504 2583 511 2596 .
539 2583 544 2596 .
572 2583 578 2596 .
608 2556 681 2614 pro:
710 2533 869 2598 adonius
893 2532 1150 2618 similitudinem,
1177 2557 1250 2599 oum

179 2663 250 2704 eam
279 2639 470 2704 intuebatur
493 2641 527 2703 in
556 2662 659 2725 eaque
690 2640 819 2704 defixus
851 2651 935 2724 erat,
961 2649 1062 2705 artem
1092 2651 1156 2706 et.
1184 2693 1190 2705 .
1227 2638 1249 2724 ).

268 2802 341 2865 Pro
365 2800 514 2865 dativo:

269 2917 320 2981 ad.
345 2917 421 2981 fam.
446 2916 500 2980 ΙΙΙ
526 2918 554 2999 l,
580 2917 614 2979 ⁶2:
652 2938 743 3000 (luera
775 2939 845 2979 eum
882 2919 1016 2980 Bouiani
1042 2921 1179 2981 remittet
1207 2953 1251 2961 —

180 3028 280 3111 quod,
310 3039 344 3088 ut
367 3025 575 3110 putabamur,
605 3024 746 3087 celeriter
774 3046 844 3086 erae
858 3025 1011 3106 foeturae
1040 3061 1083 3068 —
1107 3026 1251 3090 omnibus

178 3138 209 3198 ei
231 3135 269 3196 de
291 3132 394 3211 rebar,
421 3155 500 3216 quaa
524 3134 581 3216 aqi
603 3179 610 3194 .
638 3181 644 3194 .
671 3181 678 3194 .
705 3132 856 3194 litandam
879 3133 933 3194 dee
956 3133 1065 3209 oelim3
1090 3133 1162 3218 (pro
1186 3134 1249 3215 eui,

179 3263 253 3305 oum
278 3262 352 3303 eum
378 3287 384 3302 .
411 3289 418 3302 .
444 3262 466 3319 ,ς
493 3239 526 3301 in
550 3237 685 3323 apodosi
717 3239 920 3302 enuntiatum
944 3238 1047 3303 subst.
1072 3249 1105 3303 et
1128 3239 1250 3305 loeutio

181 3371 265 3434 quae
290 3345 371 3410 illud
396 3341 503 3429 regit).

269 3508 342 3571 Pro
367 3506 600 3570 aoousativo
625 3527 709 3569 eum
733 3507 1042 3591 praepositione:

269 3624 311 3687 ad
328 3622 399 3687 Att.
417 3622 434 3685 I
450 3622 481 3704 5,
500 3623 534 3685 2:
563 3620 662 3701 Quem
682 3645 752 3684 rum
768 3645 832 3684 eoae
848 3623 1046 3705 offensiorem
1062 3623 1249 3702 arbitrarer,

179 3756 231 3795 eun
254 3733 373 3795 litterae
390 3732 618 3810 odoramenti,
637 3729 750 3813 quibua
775 3743 801 3792 et
818 3741 851 3794 et
874 3753 905 3814 q,
930 3752 954 3793 S.
979 3727 1052 3815 (pro
1076 3730 1118 3794 ad
1142 3752 1249 3816 quem,

181 3862 254 3903 oum
281 3861 354 3902 eum
381 3888 388 3901 .
415 3889 421 3902 .
448 3836 480 3917 ..)

271 4001 343 4063 Pro
368 3999 560 4063 ablativo:

271 4129 302 4192 p.
328 4107 424 4170 Ruso.
450 4108 490 4169 A.
516 4106 573 4169 33:
611 4127 690 4187 quoa
731 4107 808 4188 prtia
847 4126 972 4168 seruire
1003 4128 1065 4190 per
1099 4110 1252 4192 composi·
