<?xml version="1.0" encoding="UTF-8"?>
<!DOCTYPE html PUBLIC "-//W3C//DTD XHTML 1.0 Transitional//EN"
    "http://www.w3.org/TR/xhtml1/DTD/xhtml1-transitional.dtd">
<html xmlns="http://www.w3.org/1999/xhtml" xml:lang="en" lang="en">
 <head>
  <title>
</title>
<meta http-equiv="Content-Type" content="text/html;charset=utf-8" />
  <meta name='ocr-system' content='tesseract 3.04.00' />
  <meta name='ocr-capabilities' content='ocr_page ocr_carea ocr_par ocr_line ocrx_word'/>
</head>
<body>
  <div class='ocr_page' id='page_1' title='image "./decomprehension00mihagoog_0169.png"; bbox 0 0 2866 4762; ppageno 0'>
   <div class='ocr_carea' id='block_1_1' title="bbox 568 245 875 333">
    <p class='ocr_par' dir='ltr' id='par_1_1' title="bbox 568 245 875 333">
     <span class='ocr_line' id='line_1_1' title="bbox 568 245 875 333; baseline 0.003 -26"><span class='ocrx_word' id='word_1_1' title='bbox 568 245 875 333; x_wconf 41' lang='lat' dir='ltr'><strong>x-2164-</strong></span> 
     </span>
    </p>
   </div>
   <div class='ocr_carea' id='block_1_2' title="bbox 222 422 1298 1452">
    <p class='ocr_par' dir='ltr' id='par_1_2' title="bbox 222 422 1296 723">
     <span class='ocr_line' id='line_1_2' title="bbox 222 422 1296 509; baseline -0.001 -22"><span class='ocrx_word' id='word_1_2' title='bbox 222 423 284 487; x_wconf 81' lang='lat' dir='ltr'><strong>Fr.</strong></span> <span class='ocrx_word' id='word_1_3' title='bbox 310 422 579 486; x_wconf 88' lang='lat' dir='ltr'><strong>Devantierus</strong></span> <span class='ocrx_word' id='word_1_4' title='bbox 603 422 777 508; x_wconf 85' lang='lat' dir='ltr'><strong>diligenter</strong></span> <span class='ocrx_word' id='word_1_5' title='bbox 792 437 824 487; x_wconf 89' lang='lat' dir='ltr'><strong>et</strong></span> <span class='ocrx_word' id='word_1_6' title='bbox 840 429 992 487; x_wconf 88' lang='lat' dir='ltr'><strong>accurate</strong></span> <span class='ocrx_word' id='word_1_7' title='bbox 1009 423 1193 509; x_wconf 79' lang='lat' dir='ltr'><strong>composuit</strong></span> <span class='ocrx_word' id='word_1_8' title='bbox 1208 444 1296 486; x_wconf 90' lang='lat' dir='ltr'><strong>com-</strong></span> 
     </span>
     <span class='ocr_line' id='line_1_3' title="bbox 222 529 1296 616; baseline 0 -22"><span class='ocrx_word' id='word_1_9' title='bbox 222 529 528 613; x_wconf 89' lang='lat' dir='ltr'><strong>mentatiunculam,</strong></span> <span class='ocrx_word' id='word_1_10' title='bbox 561 531 594 593; x_wconf 92' lang='lat' dir='ltr'><strong>in</strong></span> <span class='ocrx_word' id='word_1_11' title='bbox 628 552 693 616; x_wconf 88' lang='lat' dir='ltr'><strong>qua</strong></span> <span class='ocrx_word' id='word_1_12' title='bbox 721 529 891 595; x_wconf 88' lang='lat' dir='ltr'><strong>enucleate</strong></span> <span class='ocrx_word' id='word_1_13' title='bbox 920 530 960 594; x_wconf 93' lang='lat' dir='ltr'><strong>de</strong></span> <span class='ocrx_word' id='word_1_14' title='bbox 990 529 1094 594; x_wconf 87' lang='lat' dir='ltr'><strong>tribus</strong></span> <span class='ocrx_word' id='word_1_15' title='bbox 1122 531 1296 594; x_wconf 80' lang='lat' dir='ltr'><strong>structuris</strong></span> 
     </span>
     <span class='ocr_line' id='line_1_4' title="bbox 223 638 414 723; baseline -0.01 -21"><span class='ocrx_word' id='word_1_16' title='bbox 223 638 414 723; x_wconf 85' lang='lat' dir='ltr'><strong>disputavit.</strong></span> 
     </span>
    </p>

    <p class='ocr_par' dir='ltr' id='par_1_3' title="bbox 223 744 1297 1258">
     <span class='ocr_line' id='line_1_5' title="bbox 314 744 1297 830; baseline 0.001 -23"><span class='ocrx_word' id='word_1_17' title='bbox 314 745 439 808; x_wconf 90' lang='lat' dir='ltr'><strong>Horum</strong></span> <span class='ocrx_word' id='word_1_18' title='bbox 463 745 607 808; x_wconf 91' lang='lat' dir='ltr'><strong>omnium</strong></span> <span class='ocrx_word' id='word_1_19' title='bbox 623 766 821 830; x_wconf 90' lang='lat' dir='ltr'><strong>quamquam</strong></span> <span class='ocrx_word' id='word_1_20' title='bbox 844 744 976 829; x_wconf 89' lang='lat' dir='ltr'><strong>plurimi</strong></span> <span class='ocrx_word' id='word_1_21' title='bbox 1001 744 1111 830; x_wconf 88' lang='lat' dir='ltr'><strong>aliqua</strong></span> <span class='ocrx_word' id='word_1_22' title='bbox 1135 767 1179 808; x_wconf 85' lang='lat' dir='ltr'><strong>ex</strong></span> <span class='ocrx_word' id='word_1_23' title='bbox 1203 753 1297 829; x_wconf 88' lang='lat' dir='ltr'><strong>parte</strong></span> 
     </span>
     <span class='ocr_line' id='line_1_6' title="bbox 224 850 1296 934; baseline -0.001 -19"><span class='ocrx_word' id='word_1_24' title='bbox 224 850 319 916; x_wconf 89' lang='lat' dir='ltr'><strong>aliter</strong></span> <span class='ocrx_word' id='word_1_25' title='bbox 335 851 375 915; x_wconf 88' lang='lat' dir='ltr'><strong>de</strong></span> <span class='ocrx_word' id='word_1_26' title='bbox 392 851 507 915; x_wconf 90' lang='lat' dir='ltr'><strong>eadem</strong></span> <span class='ocrx_word' id='word_1_27' title='bbox 523 874 558 915; x_wconf 90' lang='lat' dir='ltr'><strong>re</strong></span> <span class='ocrx_word' id='word_1_28' title='bbox 571 852 768 934; x_wconf 86' lang='lat' dir='ltr'><strong>iudicarunt,</strong></span> <span class='ocrx_word' id='word_1_29' title='bbox 785 863 894 915; x_wconf 90' lang='lat' dir='ltr'><strong>tamen</strong></span> <span class='ocrx_word' id='word_1_30' title='bbox 907 851 1103 916; x_wconf 90' lang='lat' dir='ltr'><strong>indiciorum</strong></span> <span class='ocrx_word' id='word_1_31' title='bbox 1115 850 1296 915; x_wconf 85' lang='lat' dir='ltr'><strong>similitudo</strong></span> 
     </span>
     <span class='ocr_line' id='line_1_7' title="bbox 223 957 1297 1044; baseline 0 -22"><span class='ocrx_word' id='word_1_32' title='bbox 223 958 318 1022; x_wconf 90' lang='lat' dir='ltr'><strong>nobis</strong></span> <span class='ocrx_word' id='word_1_33' title='bbox 334 958 391 1022; x_wconf 89' lang='lat' dir='ltr'><strong>dat</strong></span> <span class='ocrx_word' id='word_1_34' title='bbox 406 957 606 1041; x_wconf 77' lang='lat' dir='ltr'><strong>facultatem,</strong></span> <span class='ocrx_word' id='word_1_35' title='bbox 631 967 668 1023; x_wconf 92' lang='lat' dir='ltr'><strong>ut</strong></span> <span class='ocrx_word' id='word_1_36' title='bbox 683 959 794 1044; x_wconf 88' lang='lat' dir='ltr'><strong>parvis</strong></span> <span class='ocrx_word' id='word_1_37' title='bbox 818 958 1009 1022; x_wconf 89' lang='lat' dir='ltr'><strong>differentiis</strong></span> <span class='ocrx_word' id='word_1_38' title='bbox 1033 959 1160 1023; x_wconf 89' lang='lat' dir='ltr'><strong>omissis</strong></span> <span class='ocrx_word' id='word_1_39' title='bbox 1184 981 1297 1022; x_wconf 89' lang='lat' dir='ltr'><strong>omnes</strong></span> 
     </span>
     <span class='ocr_line' id='line_1_8' title="bbox 225 1065 1297 1152; baseline -0.002 -22"><span class='ocrx_word' id='word_1_40' title='bbox 225 1088 336 1130; x_wconf 91' lang='lat' dir='ltr'><strong>eorum</strong></span> <span class='ocrx_word' id='word_1_41' title='bbox 353 1065 522 1150; x_wconf 89' lang='lat' dir='ltr'><strong>opiniones</strong></span> <span class='ocrx_word' id='word_1_42' title='bbox 538 1066 571 1129; x_wconf 91' lang='lat' dir='ltr'><strong>in</strong></span> <span class='ocrx_word' id='word_1_43' title='bbox 589 1066 746 1151; x_wconf 86' lang='lat' dir='ltr'><strong>quasdam</strong></span> <span class='ocrx_word' id='word_1_44' title='bbox 771 1075 879 1150; x_wconf 88' lang='lat' dir='ltr'><strong>partes</strong></span> <span class='ocrx_word' id='word_1_45' title='bbox 896 1066 1107 1151; x_wconf 88' lang='lat' dir='ltr'><strong>disponamus</strong></span> <span class='ocrx_word' id='word_1_46' title='bbox 1131 1075 1231 1152; x_wconf 89' lang='lat' dir='ltr'><strong>atque</strong></span> <span class='ocrx_word' id='word_1_47' title='bbox 1255 1065 1297 1129; x_wconf 89' lang='lat' dir='ltr'><strong>ad</strong></span> 
     </span>
     <span class='ocr_line' id='line_1_9' title="bbox 224 1173 922 1258; baseline -0.001 -21"><span class='ocrx_word' id='word_1_48' title='bbox 224 1195 330 1258; x_wconf 89' lang='lat' dir='ltr'><strong>pauca</strong></span> <span class='ocrx_word' id='word_1_49' title='bbox 353 1174 463 1258; x_wconf 89' lang='lat' dir='ltr'><strong>capita</strong></span> <span class='ocrx_word' id='word_1_50' title='bbox 487 1173 541 1237; x_wconf 85' lang='lat' dir='ltr'><strong>vel</strong></span> <span class='ocrx_word' id='word_1_51' title='bbox 565 1195 694 1238; x_wconf 89' lang='lat' dir='ltr'><strong>normas</strong></span> <span class='ocrx_word' id='word_1_52' title='bbox 717 1173 922 1237; x_wconf 79' lang='lat' dir='ltr'><strong>reducamus</strong></span> 
     </span>
    </p>

    <p class='ocr_par' dir='ltr' id='par_1_4' title="bbox 228 1280 1298 1452">
     <span class='ocr_line' id='line_1_10' title="bbox 315 1280 1298 1366; baseline 0.001 -23"><span class='ocrx_word' id='word_1_53' title='bbox 315 1280 387 1344; x_wconf 86' lang='lat' dir='ltr'><strong>lam</strong></span> <span class='ocrx_word' id='word_1_54' title='bbox 402 1302 490 1343; x_wconf 92' lang='lat' dir='ltr'><strong>nunc</strong></span> <span class='ocrx_word' id='word_1_55' title='bbox 507 1282 742 1345; x_wconf 89' lang='lat' dir='ltr'><strong>sententiarum</strong></span> <span class='ocrx_word' id='word_1_56' title='bbox 758 1281 868 1365; x_wconf 88' lang='lat' dir='ltr'><strong>capita</strong></span> <span class='ocrx_word' id='word_1_57' title='bbox 884 1302 1085 1366; x_wconf 86' lang='lat' dir='ltr'><strong>exponemus</strong></span> <span class='ocrx_word' id='word_1_58' title='bbox 1102 1290 1135 1345; x_wconf 89' lang='lat' dir='ltr'><strong>et</strong></span> <span class='ocrx_word' id='word_1_59' title='bbox 1150 1280 1298 1345; x_wconf 84' lang='lat' dir='ltr'><strong>breviter</strong></span> 
     </span>
     <span class='ocr_line' id='line_1_11' title="bbox 228 1386 491 1452; baseline 0 0"><span class='ocrx_word' id='word_1_60' title='bbox 228 1386 491 1452; x_wconf 89' lang='lat' dir='ltr'><strong>diiudicabimus.</strong></span> 
     </span>
    </p>
   </div>
   <div class='ocr_carea' id='block_1_3' title="bbox 678 1773 835 1850">
    <p class='ocr_par' dir='ltr' id='par_1_5' title="bbox 678 1773 835 1850">
     <span class='ocr_line' id='line_1_12' title="bbox 678 1773 835 1850; baseline 0 -16"><span class='ocrx_word' id='word_1_61' title='bbox 678 1773 787 1850; x_wconf 75' lang='lat' dir='ltr'><strong>Caput</strong></span> <span class='ocrx_word' id='word_1_62' title='bbox 810 1775 835 1834; x_wconf 92' lang='lat' dir='ltr'><strong>I.</strong></span> 
     </span>
    </p>
   </div>
   <div class='ocr_carea' id='block_1_4' title="bbox 543 1907 982 1978">
    <p class='ocr_par' dir='ltr' id='par_1_6' title="bbox 543 1907 982 1978">
     <span class='ocr_line' id='line_1_13' title="bbox 543 1907 982 1978; baseline -0.002 -16"><span class='ocrx_word' id='word_1_63' title='bbox 543 1908 597 1978; x_wconf 70' lang='lat' dir='ltr'><strong>§t</strong></span> <span class='ocrx_word' id='word_1_64' title='bbox 626 1909 669 1962; x_wconf 83' lang='lat' dir='ltr'><strong>De</strong></span> <span class='ocrx_word' id='word_1_65' title='bbox 687 1907 828 1962; x_wconf 81' lang='lat' dir='ltr'><strong>iunctura</strong></span> <span class='ocrx_word' id='word_1_66' title='bbox 845 1908 982 1964; x_wconf 77' lang='lat' dir='ltr'><strong>relativa.</strong></span> 
     </span>
    </p>
   </div>
   <div class='ocr_carea' id='block_1_5' title="bbox 228 2028 1299 2331">
    <p class='ocr_par' dir='ltr' id='par_1_7' title="bbox 228 2028 1299 2331">
     <span class='ocr_line' id='line_1_14' title="bbox 317 2028 1299 2115; baseline -0.002 -21"><span class='ocrx_word' id='word_1_67' title='bbox 317 2028 569 2094; x_wconf 81' lang='lat' dir='ltr'><strong>Consideremus</strong></span> <span class='ocrx_word' id='word_1_68' title='bbox 584 2030 727 2114; x_wconf 90' lang='lat' dir='ltr'><strong>primum</strong></span> <span class='ocrx_word' id='word_1_69' title='bbox 743 2031 929 2115; x_wconf 89' lang='lat' dir='ltr'><strong>opinionem</strong></span> <span class='ocrx_word' id='word_1_70' title='bbox 947 2051 1068 2113; x_wconf 90' lang='lat' dir='ltr'><strong>eorum,</strong></span> <span class='ocrx_word' id='word_1_71' title='bbox 1093 2030 1149 2115; x_wconf 92' lang='lat' dir='ltr'><strong>qui</strong></span> <span class='ocrx_word' id='word_1_72' title='bbox 1169 2038 1299 2115; x_wconf 90' lang='lat' dir='ltr'><strong>putant,</strong></span> 
     </span>
     <span class='ocr_line' id='line_1_15' title="bbox 228 2136 1297 2222; baseline 0 -22"><span class='ocrx_word' id='word_1_73' title='bbox 228 2146 423 2220; x_wconf 75' lang='lat' dir='ltr'><strong>structurae,</strong></span> <span class='ocrx_word' id='word_1_74' title='bbox 459 2137 500 2200; x_wconf 92' lang='lat' dir='ltr'><strong>de</strong></span> <span class='ocrx_word' id='word_1_75' title='bbox 535 2136 655 2221; x_wconf 90' lang='lat' dir='ltr'><strong>quibus</strong></span> <span class='ocrx_word' id='word_1_76' title='bbox 686 2137 904 2222; x_wconf 88' lang='lat' dir='ltr'><strong>disputamus,</strong></span> <span class='ocrx_word' id='word_1_77' title='bbox 940 2159 960 2201; x_wconf 91' lang='lat' dir='ltr'><strong>a</strong></span> <span class='ocrx_word' id='word_1_78' title='bbox 994 2137 1150 2200; x_wconf 88' lang='lat' dir='ltr'><strong>sermonis</strong></span> <span class='ocrx_word' id='word_1_79' title='bbox 1186 2137 1297 2201; x_wconf 89' lang='lat' dir='ltr'><strong>Latini</strong></span> 
     </span>
     <span class='ocr_line' id='line_1_16' title="bbox 228 2244 1299 2331; baseline 0 -23"><span class='ocrx_word' id='word_1_80' title='bbox 228 2245 464 2308; x_wconf 89' lang='lat' dir='ltr'><strong>consuetudine</strong></span> <span class='ocrx_word' id='word_1_81' title='bbox 481 2244 644 2329; x_wconf 83' lang='lat' dir='ltr'><strong>profectas</strong></span> <span class='ocrx_word' id='word_1_82' title='bbox 669 2267 749 2327; x_wconf 87' lang='lat' dir='ltr'><strong>esse,</strong></span> <span class='ocrx_word' id='word_1_83' title='bbox 774 2267 858 2330; x_wconf 93' lang='lat' dir='ltr'><strong>quae</strong></span> <span class='ocrx_word' id='word_1_84' title='bbox 883 2258 932 2309; x_wconf 86' lang='lat' dir='ltr'><strong>est</strong></span> <span class='ocrx_word' id='word_1_85' title='bbox 955 2245 989 2308; x_wconf 91' lang='lat' dir='ltr'><strong>in</strong></span> <span class='ocrx_word' id='word_1_86' title='bbox 1012 2267 1074 2309; x_wconf 90' lang='lat' dir='ltr'><strong>usu</strong></span> <span class='ocrx_word' id='word_1_87' title='bbox 1097 2245 1299 2331; x_wconf 88' lang='lat' dir='ltr'><strong>pronominis</strong></span> 
     </span>
    </p>
   </div>
   <div class='ocr_carea' id='block_1_6' title="bbox 225 2350 1302 3938">
    <p class='ocr_par' dir='ltr' id='par_1_8' title="bbox 225 2350 1302 3938">
     <span class='ocr_line' id='line_1_17' title="bbox 225 2350 1300 2437; baseline 0.002 -24"><span class='ocrx_word' id='word_1_88' title='bbox 225 2350 356 2414; x_wconf 88' lang='lat' dir='ltr'><strong>relativi</strong></span> <span class='ocrx_word' id='word_1_89' title='bbox 400 2372 459 2434; x_wconf 91' lang='lat' dir='ltr'><strong>pro</strong></span> <span class='ocrx_word' id='word_1_90' title='bbox 504 2351 760 2414; x_wconf 89' lang='lat' dir='ltr'><strong>demonstrativo</strong></span> <span class='ocrx_word' id='word_1_91' title='bbox 800 2361 833 2416; x_wconf 86' lang='lat' dir='ltr'><strong>et</strong></span> <span class='ocrx_word' id='word_1_92' title='bbox 870 2351 1035 2437; x_wconf 89' lang='lat' dir='ltr'><strong>particula</strong></span> <span class='ocrx_word' id='word_1_93' title='bbox 1073 2352 1300 2416; x_wconf 89' lang='lat' dir='ltr'><strong>coordinativa</strong></span> 
     </span>
     <span class='ocr_line' id='line_1_18' title="bbox 227 2456 1301 2540; baseline 0.001 -19"><span class='ocrx_word' id='word_1_94' title='bbox 227 2456 440 2540; x_wconf 61' lang='lat' dir='ltr'><strong>(germanica</strong></span> <span class='ocrx_word' id='word_1_95' title='bbox 470 2457 696 2524; x_wconf 89' lang='lat' dir='ltr'><strong>relativiseher</strong></span> <span class='ocrx_word' id='word_1_96' title='bbox 724 2457 917 2536; x_wconf 81' lang='lat' dir='ltr'><strong>Ansohluss).</strong></span> <span class='ocrx_word' id='word_1_97' title='bbox 946 2495 990 2501; x_wconf 97' lang='lat'><strong>—</strong></span> <span class='ocrx_word' id='word_1_98' title='bbox 1018 2459 1110 2523; x_wconf 89' lang='lat' dir='ltr'><strong>Haeo</strong></span> <span class='ocrx_word' id='word_1_99' title='bbox 1141 2458 1197 2522; x_wconf 90' lang='lat' dir='ltr'><strong>vel</strong></span> <span class='ocrx_word' id='word_1_100' title='bbox 1226 2458 1301 2522; x_wconf 88' lang='lat' dir='ltr'><strong>talis</strong></span> 
     </span>
     <span class='ocr_line' id='line_1_19' title="bbox 227 2565 1299 2652; baseline 0.001 -24"><span class='ocrx_word' id='word_1_101' title='bbox 227 2574 277 2628; x_wconf 89' lang='lat' dir='ltr'><strong>est</strong></span> <span class='ocrx_word' id='word_1_102' title='bbox 300 2566 470 2648; x_wconf 89' lang='lat' dir='ltr'><strong>sententia,</strong></span> <span class='ocrx_word' id='word_1_103' title='bbox 500 2587 585 2650; x_wconf 89' lang='lat' dir='ltr'><strong>quae</strong></span> <span class='ocrx_word' id='word_1_104' title='bbox 608 2566 777 2630; x_wconf 87' lang='lat' dir='ltr'><strong>invenitur</strong></span> <span class='ocrx_word' id='word_1_105' title='bbox 800 2566 904 2652; x_wconf 90' lang='lat' dir='ltr'><strong>apud:</strong></span> <span class='ocrx_word' id='word_1_106' title='bbox 935 2565 973 2628; x_wconf 89' lang='lat' dir='ltr'><strong>L.</strong></span> <span class='ocrx_word' id='word_1_107' title='bbox 998 2565 1299 2630; x_wconf 89' lang='lat' dir='ltr'><strong>Ramshornium</strong></span> 
     </span>
     <span class='ocr_line' id='line_1_20' title="bbox 228 2672 1300 2759; baseline 0 -23"><span class='ocrx_word' id='word_1_108' title='bbox 228 2672 272 2757; x_wconf 86' lang='lat' dir='ltr'><strong>(p.</strong></span> <span class='ocrx_word' id='word_1_109' title='bbox 305 2672 370 2737; x_wconf 82' lang='lat'><strong>568</strong></span> <span class='ocrx_word' id='word_1_110' title='bbox 398 2672 511 2758; x_wconf 88' lang='lat' dir='ltr'><strong>sqq.¹),</strong></span> <span class='ocrx_word' id='word_1_111' title='bbox 545 2672 586 2737; x_wconf 88' lang='lat' dir='ltr'><strong>A.</strong></span> <span class='ocrx_word' id='word_1_112' title='bbox 617 2672 900 2738; x_wconf 77' lang='lat' dir='ltr'><strong>Grotefendum</strong></span> <span class='ocrx_word' id='word_1_113' title='bbox 933 2672 978 2759; x_wconf 83' lang='lat' dir='ltr'><strong>(p.</strong></span> <span class='ocrx_word' id='word_1_114' title='bbox 1013 2673 1079 2737; x_wconf 87' lang='grc'><strong>203</strong></span> <span class='ocrx_word' id='word_1_115' title='bbox 1107 2672 1180 2758; x_wconf 89' lang='lat' dir='ltr'><strong>sq.),</strong></span> <span class='ocrx_word' id='word_1_116' title='bbox 1210 2672 1247 2737; x_wconf 77' lang='lat' dir='ltr'><strong>C.</strong></span> <span class='ocrx_word' id='word_1_117' title='bbox 1273 2674 1300 2736; x_wconf 92' lang='lat' dir='ltr'><strong>I.</strong></span> 
     </span>
     <span class='ocr_line' id='line_1_21' title="bbox 228 2775 1300 2867; baseline 0 -23"><span class='ocrx_word' id='word_1_118' title='bbox 228 2779 441 2867; x_wconf 82' lang='lat' dir='ltr'><strong>Grysarum</strong></span> <span class='ocrx_word' id='word_1_119' title='bbox 457 2776 502 2864; x_wconf 86' lang='lat' dir='ltr'><strong>(p.</strong></span> <span class='ocrx_word' id='word_1_120' title='bbox 521 2780 586 2843; x_wconf 89' lang='grc'><strong>202</strong></span> <span class='ocrx_word' id='word_1_121' title='bbox 603 2776 697 2866; x_wconf 87' lang='lat' dir='ltr'><strong>sqq.),</strong></span> <span class='ocrx_word' id='word_1_122' title='bbox 721 2781 747 2845; x_wconf 90' lang='grc' dir='ltr'><strong>Ι.</strong></span> <span class='ocrx_word' id='word_1_123' title='bbox 765 2781 828 2844; x_wconf 90' lang='lat' dir='ltr'><strong>Ph.</strong></span> <span class='ocrx_word' id='word_1_124' title='bbox 846 2781 1056 2845; x_wconf 84' lang='lat' dir='ltr'><strong>Krebsium</strong></span> <span class='ocrx_word' id='word_1_125' title='bbox 1081 2779 1126 2865; x_wconf 91' lang='lat' dir='ltr'><strong>(p.</strong></span> <span class='ocrx_word' id='word_1_126' title='bbox 1143 2779 1211 2845; x_wconf 85' lang='lat'><strong>510</strong></span> <span class='ocrx_word' id='word_1_127' title='bbox 1227 2775 1300 2866; x_wconf 84' lang='lat' dir='ltr'><strong>sq.),</strong></span> 
     </span>
     <span class='ocr_line' id='line_1_22' title="bbox 230 2883 1301 2973; baseline 0 -21"><span class='ocrx_word' id='word_1_128' title='bbox 230 2886 267 2952; x_wconf 83' lang='lat' dir='ltr'><strong>C.</strong></span> <span class='ocrx_word' id='word_1_129' title='bbox 297 2887 338 2952; x_wconf 78' lang='lat' dir='ltr'><strong>G.</strong></span> <span class='ocrx_word' id='word_1_130' title='bbox 367 2887 586 2971; x_wconf 90' lang='lat' dir='ltr'><strong>Zumptium</strong></span> <span class='ocrx_word' id='word_1_131' title='bbox 621 2887 665 2973; x_wconf 92' lang='lat' dir='ltr'><strong>(p.</strong></span> <span class='ocrx_word' id='word_1_132' title='bbox 691 2889 754 2951; x_wconf 85' lang='grc'><strong>641</strong></span> <span class='ocrx_word' id='word_1_133' title='bbox 785 2883 880 2973; x_wconf 85' lang='lat' dir='ltr'><strong>sqq.),</strong></span> <span class='ocrx_word' id='word_1_134' title='bbox 911 2888 1022 2952; x_wconf 88' lang='lat' dir='ltr'><strong>Ferd.</strong></span> <span class='ocrx_word' id='word_1_135' title='bbox 1053 2886 1301 2952; x_wconf 83' lang='lat' dir='ltr'><strong>Schultzium</strong></span> 
     </span>
     <span class='ocr_line' id='line_1_23' title="bbox 228 2989 1300 3080; baseline 0.001 -23"><span class='ocrx_word' id='word_1_136' title='bbox 228 2995 272 3080; x_wconf 90' lang='lat' dir='ltr'><strong>(p.</strong></span> <span class='ocrx_word' id='word_1_137' title='bbox 299 2994 389 3078; x_wconf 76' lang='lat'><strong>574),</strong></span> <span class='ocrx_word' id='word_1_138' title='bbox 414 2994 468 3058; x_wconf 85' lang='lat' dir='ltr'><strong>Fr.</strong></span> <span class='ocrx_word' id='word_1_139' title='bbox 494 2994 754 3059; x_wconf 85' lang='lat' dir='ltr'><strong>Paetzoltium</strong></span> <span class='ocrx_word' id='word_1_140' title='bbox 777 2989 893 3076; x_wconf 86' lang='lat' dir='ltr'><strong>(Beitr.</strong></span> <span class='ocrx_word' id='word_1_141' title='bbox 919 3017 973 3080; x_wconf 86' lang='lat' dir='ltr'><strong>pg.</strong></span> <span class='ocrx_word' id='word_1_142' title='bbox 996 2995 1081 3058; x_wconf 86' lang='lat' dir='ltr'><strong>XVI</strong></span> <span class='ocrx_word' id='word_1_143' title='bbox 1104 3003 1137 3059; x_wconf 91' lang='lat' dir='ltr'><strong>et</strong></span> <span class='ocrx_word' id='word_1_144' title='bbox 1161 2995 1202 3059; x_wconf 90' lang='lat' dir='ltr'><strong>de</strong></span> <span class='ocrx_word' id='word_1_145' title='bbox 1227 2995 1300 3060; x_wconf 91' lang='lat' dir='ltr'><strong>Lat.</strong></span> 
     </span>
     <span class='ocr_line' id='line_1_24' title="bbox 227 3100 1300 3189; baseline 0.001 -23"><span class='ocrx_word' id='word_1_146' title='bbox 227 3102 385 3166; x_wconf 88' lang='lat' dir='ltr'><strong>sermonis</strong></span> <span class='ocrx_word' id='word_1_147' title='bbox 418 3124 508 3186; x_wconf 89' lang='lat' dir='ltr'><strong>pron.</strong></span> <span class='ocrx_word' id='word_1_148' title='bbox 544 3100 601 3166; x_wconf 89' lang='lat' dir='ltr'><strong>rel.</strong></span> <span class='ocrx_word' id='word_1_149' title='bbox 638 3111 724 3189; x_wconf 85' lang='lat' dir='ltr'><strong>synt.</strong></span> <span class='ocrx_word' id='word_1_150' title='bbox 760 3103 880 3186; x_wconf 88' lang='lat' dir='ltr'><strong>prisca,</strong></span> <span class='ocrx_word' id='word_1_151' title='bbox 913 3124 987 3187; x_wconf 79' lang='lat' dir='ltr'><strong>pgg.</strong></span> <span class='ocrx_word' id='word_1_152' title='bbox 1018 3103 1053 3185; x_wconf 84' lang='lat'><strong>6,</strong></span> <span class='ocrx_word' id='word_1_153' title='bbox 1086 3103 1141 3186; x_wconf 94' lang='grc'><strong>12,</strong></span> <span class='ocrx_word' id='word_1_154' title='bbox 1171 3103 1216 3166; x_wconf 83' lang='grc'><strong>40</strong></span> <span class='ocrx_word' id='word_1_155' title='bbox 1247 3102 1300 3180; x_wconf 88' lang='lat' dir='ltr'><strong>A.)</strong></span> 
     </span>
     <span class='ocr_line' id='line_1_25' title="bbox 227 3205 1300 3294; baseline 0.001 -21"><span class='ocrx_word' id='word_1_156' title='bbox 227 3210 472 3292; x_wconf 83' lang='lat' dir='ltr'><strong>Draegerum</strong></span> <span class='ocrx_word' id='word_1_157' title='bbox 496 3205 541 3294; x_wconf 89' lang='lat' dir='ltr'><strong>(p.</strong></span> <span class='ocrx_word' id='word_1_158' title='bbox 567 3208 657 3292; x_wconf 82' lang='lat'><strong>512),</strong></span> <span class='ocrx_word' id='word_1_159' title='bbox 682 3209 736 3275; x_wconf 90' lang='lat' dir='ltr'><strong>W.</strong></span> <span class='ocrx_word' id='word_1_160' title='bbox 764 3208 1005 3274; x_wconf 81' lang='lat' dir='ltr'><strong>Gossravum</strong></span> <span class='ocrx_word' id='word_1_161' title='bbox 1028 3207 1073 3292; x_wconf 90' lang='lat' dir='ltr'><strong>(p.</strong></span> <span class='ocrx_word' id='word_1_162' title='bbox 1098 3209 1188 3292; x_wconf 89' lang='grc'>422),</span> <span class='ocrx_word' id='word_1_163' title='bbox 1215 3209 1300 3275; x_wconf 82' lang='lat' dir='ltr'><strong>Chr.</strong></span> 
     </span>
     <span class='ocr_line' id='line_1_26' title="bbox 229 3312 1300 3402; baseline 0.002 -22"><span class='ocrx_word' id='word_1_164' title='bbox 229 3315 265 3380; x_wconf 80' lang='grc' dir='ltr'><strong>Ο.</strong></span> <span class='ocrx_word' id='word_1_165' title='bbox 295 3316 514 3400; x_wconf 86' lang='lat' dir='ltr'><strong>Reisigium</strong></span> <span class='ocrx_word' id='word_1_166' title='bbox 544 3315 587 3400; x_wconf 88' lang='lat' dir='ltr'><strong>(p.</strong></span> <span class='ocrx_word' id='word_1_167' title='bbox 619 3312 707 3399; x_wconf 80' lang='lat'>116).</span> <span class='ocrx_word' id='word_1_168' title='bbox 739 3352 776 3360; x_wconf 95' lang='lat'>—</span> <span class='ocrx_word' id='word_1_169' title='bbox 806 3316 871 3382; x_wconf 84' lang='lat' dir='ltr'><strong>Sed</strong></span> <span class='ocrx_word' id='word_1_170' title='bbox 901 3318 936 3382; x_wconf 90' lang='lat' dir='ltr'><strong>hi</strong></span> <span class='ocrx_word' id='word_1_171' title='bbox 965 3339 1076 3381; x_wconf 86' lang='lat' dir='ltr'><strong>omnes</strong></span> <span class='ocrx_word' id='word_1_172' title='bbox 1103 3339 1165 3381; x_wconf 90' lang='lat' dir='ltr'><strong>neo</strong></span> <span class='ocrx_word' id='word_1_173' title='bbox 1194 3317 1300 3402; x_wconf 90' lang='lat' dir='ltr'><strong>plene,</strong></span> 
     </span>
     <span class='ocr_line' id='line_1_27' title="bbox 228 3424 1301 3511; baseline 0.002 -24"><span class='ocrx_word' id='word_1_174' title='bbox 228 3445 289 3487; x_wconf 89' lang='lat' dir='ltr'><strong>nec</strong></span> <span class='ocrx_word' id='word_1_175' title='bbox 306 3424 385 3487; x_wconf 89' lang='lat' dir='ltr'><strong>satis</strong></span> <span class='ocrx_word' id='word_1_176' title='bbox 401 3433 512 3507; x_wconf 88' lang='lat' dir='ltr'><strong>aperte</strong></span> <span class='ocrx_word' id='word_1_177' title='bbox 528 3424 686 3487; x_wconf 90' lang='lat' dir='ltr'><strong>iudicium</strong></span> <span class='ocrx_word' id='word_1_178' title='bbox 699 3447 792 3489; x_wconf 91' lang='lat' dir='ltr'><strong>suum</strong></span> <span class='ocrx_word' id='word_1_179' title='bbox 811 3433 1042 3508; x_wconf 88' lang='lat' dir='ltr'><strong>exposuerunt.</strong></span> <span class='ocrx_word' id='word_1_180' title='bbox 1059 3461 1104 3468; x_wconf 87' lang='lat'><em>-</em></span> <span class='ocrx_word' id='word_1_181' title='bbox 1119 3424 1164 3488; x_wconf 85' lang='lat' dir='ltr'><strong>Et</strong></span> <span class='ocrx_word' id='word_1_182' title='bbox 1188 3447 1301 3511; x_wconf 90' lang='lat' dir='ltr'><strong>quam-</strong></span> 
     </span>
     <span class='ocr_line' id='line_1_28' title="bbox 229 3531 1302 3617; baseline 0.001 -22"><span class='ocrx_word' id='word_1_183' title='bbox 229 3552 326 3617; x_wconf 90' lang='lat' dir='ltr'><strong>quam</strong></span> <span class='ocrx_word' id='word_1_184' title='bbox 362 3553 474 3595; x_wconf 89' lang='lat' dir='ltr'><strong>eorum</strong></span> <span class='ocrx_word' id='word_1_185' title='bbox 507 3533 730 3617; x_wconf 89' lang='lat' dir='ltr'><strong>unusquisque</strong></span> <span class='ocrx_word' id='word_1_186' title='bbox 767 3532 880 3596; x_wconf 90' lang='lat' dir='ltr'><strong>eadem</strong></span> <span class='ocrx_word' id='word_1_187' title='bbox 915 3555 993 3597; x_wconf 90' lang='lat' dir='ltr'><strong>usus</strong></span> <span class='ocrx_word' id='word_1_188' title='bbox 1028 3541 1078 3596; x_wconf 89' lang='lat' dir='ltr'><strong>est</strong></span> <span class='ocrx_word' id='word_1_189' title='bbox 1112 3531 1302 3617; x_wconf 86' lang='lat' dir='ltr'><strong>explicandi</strong></span> 
     </span>
     <span class='ocr_line' id='line_1_29' title="bbox 228 3638 1300 3727; baseline 0.001 -24"><span class='ocrx_word' id='word_1_190' title='bbox 228 3640 364 3722; x_wconf 90' lang='lat' dir='ltr'><strong>ratione,</strong></span> <span class='ocrx_word' id='word_1_191' title='bbox 389 3648 499 3702; x_wconf 90' lang='lat' dir='ltr'><strong>tamen</strong></span> <span class='ocrx_word' id='word_1_192' title='bbox 524 3638 728 3703; x_wconf 88' lang='lat' dir='ltr'><strong>differentiae</strong></span> <span class='ocrx_word' id='word_1_193' title='bbox 752 3640 838 3704; x_wconf 89' lang='lat' dir='ltr'><strong>inter</strong></span> <span class='ocrx_word' id='word_1_194' title='bbox 862 3662 916 3704; x_wconf 90' lang='lat' dir='ltr'><strong>eos</strong></span> <span class='ocrx_word' id='word_1_195' title='bbox 940 3640 1165 3721; x_wconf 70' lang='lat' dir='ltr'><strong>intercedunt,</strong></span> <span class='ocrx_word' id='word_1_196' title='bbox 1202 3662 1300 3727; x_wconf 76' lang='lat' dir='ltr'><strong>quac,</strong></span> 
     </span>
     <span class='ocr_line' id='line_1_30' title="bbox 229 3746 1301 3833; baseline 0.003 -24"><span class='ocrx_word' id='word_1_197' title='bbox 229 3756 404 3831; x_wconf 89' lang='lat' dir='ltr'><strong>antequam</strong></span> <span class='ocrx_word' id='word_1_198' title='bbox 428 3746 513 3810; x_wconf 91' lang='lat' dir='ltr'><strong>hanc</strong></span> <span class='ocrx_word' id='word_1_199' title='bbox 537 3748 673 3830; x_wconf 89' lang='lat' dir='ltr'><strong>primam</strong></span> <span class='ocrx_word' id='word_1_200' title='bbox 697 3747 882 3832; x_wconf 90' lang='lat' dir='ltr'><strong>opinionem</strong></span> <span class='ocrx_word' id='word_1_201' title='bbox 907 3749 1090 3812; x_wconf 86' lang='lat' dir='ltr'><strong>accuratius</strong></span> <span class='ocrx_word' id='word_1_202' title='bbox 1118 3748 1301 3833; x_wconf 81' lang='lat' dir='ltr'><strong>inspiciam,</strong></span> 
     </span>
     <span class='ocr_line' id='line_1_31' title="bbox 230 3851 572 3938; baseline 0.012 -24"><span class='ocrx_word' id='word_1_203' title='bbox 230 3851 375 3916; x_wconf 89' lang='lat' dir='ltr'><strong>breviter</strong></span> <span class='ocrx_word' id='word_1_204' title='bbox 399 3876 572 3938; x_wconf 85' lang='lat' dir='ltr'><strong>exponam.</strong></span> 
     </span>
    </p>
   </div>
   <div class='ocr_carea' id='block_1_7' title="bbox 322 4081 1302 4154">
    <p class='ocr_par' dir='ltr' id='par_1_9' title="bbox 322 4081 1302 4154">
     <span class='ocr_line' id='line_1_32' title="bbox 322 4081 1302 4154; baseline 0.003 -20"><span class='ocrx_word' id='word_1_205' title='bbox 322 4083 340 4148; x_wconf 90' lang='lat'><strong>¹)</strong></span> <span class='ocrx_word' id='word_1_206' title='bbox 360 4081 412 4135; x_wconf 88' lang='lat' dir='ltr'><strong>Hic</strong></span> <span class='ocrx_word' id='word_1_207' title='bbox 431 4089 536 4136; x_wconf 87' lang='lat' dir='ltr'><strong>tantum</strong></span> <span class='ocrx_word' id='word_1_208' title='bbox 550 4082 662 4154; x_wconf 85' lang='lat' dir='ltr'><strong>paginas</strong></span> <span class='ocrx_word' id='word_1_209' title='bbox 681 4083 830 4149; x_wconf 87' lang='lat' dir='ltr'><strong>afferimus;</strong></span> <span class='ocrx_word' id='word_1_210' title='bbox 850 4083 884 4136; x_wconf 88' lang='lat' dir='ltr'><strong>de</strong></span> <span class='ocrx_word' id='word_1_211' title='bbox 906 4083 1018 4154; x_wconf 87' lang='lat' dir='ltr'><strong>reliquis</strong></span> <span class='ocrx_word' id='word_1_212' title='bbox 1037 4083 1071 4138; x_wconf 87' lang='lat' dir='ltr'><strong>cf.</strong></span> <span class='ocrx_word' id='word_1_213' title='bbox 1094 4083 1302 4154; x_wconf 87' lang='lat' dir='ltr'><strong>praefationem.</strong></span> 
     </span>
    </p>
   </div>
   <div class='ocr_carea' id='block_1_8' title="bbox 0 0 1449 4762">
    <p class='ocr_par' dir='ltr' id='par_1_10' title="bbox 0 0 1449 4762">
     <span class='ocr_line' id='line_1_33' title="bbox 0 0 1449 4762; baseline 0 0"><span class='ocrx_word' id='word_1_214' title='bbox 0 0 1449 4762; x_wconf 95' lang='lat' dir='ltr'><strong> </strong></span> 
     </span>
    </p>
   </div>
  </div>
 </body>
</html>
