2866 4762
600 294 833 358 -192-

178 463 237 540 der
254 473 374 538 beiden
387 473 493 556 Setae,
511 472 652 537 sondern
668 472 766 537 allein
783 472 868 536 nach
882 471 955 535 dem
969 471 1255 535 voranstchenden

180 582 387 646 Nebensatze
411 581 613 645 konstruiert
636 580 778 663 werden,
803 580 909 644 wobei
932 579 1020 643 daun
1045 591 1077 642 et
1100 601 1132 664 q.
1150 602 1175 643 s.

272 688 307 752 Si
342 689 410 751 eius
444 699 586 751 mentem
618 700 707 752 recte
742 688 976 772 perspeximus,
1012 699 1105 772 putat
1136 685 1192 750 ille
1223 688 1256 750 iu

181 795 485 879 comprehensione:
520 795 704 858 Romanis
739 796 812 858 etsi
847 795 1005 879 quietae
1034 816 1094 857 res
1126 808 1158 856 et
1182 816 1213 879 q.
1232 817 1257 858 s.

181 904 226 981 (v.
248 902 358 986 supra)
386 924 505 965 nornen
534 902 697 965 Romani
729 912 854 965 tantum
889 896 1061 983 („aliein“)
1097 902 1260 965 enuntiati

184 1009 368 1074 secundarii
397 1010 670 1073 constructionem
695 1010 787 1094 sequi
810 1031 919 1093 posse3
955 1008 1011 1072 sed
1037 1008 1168 1072 omnino
1192 1031 1258 1072 non

182 1140 270 1200 vere,
306 1117 333 1181 si
361 1116 423 1180 hoc
455 1117 627 1201 cogitavit;
661 1116 728 1180 dici
755 1117 841 1179 enim
865 1116 985 1200 optime
1009 1115 1128 1179 Latine
1152 1129 1260 1200 potest

183 1226 296 1289 etiam:
320 1224 499 1305 Romani,
524 1225 598 1287 etsi
621 1224 677 1287 eis
701 1236 733 1286 et
756 1246 787 1309 q.
804 1245 829 1286 a
857 1236 904 1285 ut:

274 1331 416 1395 inVerr.
436 1330 455 1394 l.
474 1330 583 1395 1169:
632 1329 780 1415 Sopater,
805 1354 876 1393 anni
898 1331 955 1392 lios
977 1331 1030 1392 illi
1051 1333 1260 1414 improvisum

183 1452 279 1524 utque
291 1441 491 1523 inopinatam
504 1440 680 1518 accidisset,
697 1451 867 1501 commotas
884 1449 929 1500 est
944 1459 1131 1522 aeneaeque
1144 1453 1177 1500 et
1189 1460 1220 1522 q.
1234 1460 1258 1501 s.

277 1545 320 1609 ad
336 1546 406 1608 An.
420 1544 468 1607 IV
486 1545 517 1626 3,
535 1543 569 1608 5:
594 1567 682 1607 renni
697 1546 859 1625 Pollioni,
876 1547 942 1607 nisi
956 1557 1027 1606 ante
1044 1547 1165 1607 occisas
1190 1548 1259 1624 erit,

181 1654 261 1737 fone
284 1678 304 1714 a
327 1653 449 1715 Milone
467 1664 563 1737 pat03
588 1660 621 1715 et
644 1650 806 1735 permulta
829 1651 957 1715 similia.

275 1759 457 1844 Utrumque
495 1771 612 1842 potest:
647 1780 765 1822 nomen
799 1759 1038 1823 substantivum
1067 1772 1174 1842 potest
1207 1775 1262 1823 aut

186 1867 345 1932 enuntiati
373 1865 566 1948 secundarii,
603 1881 659 1929 aut
682 1867 826 1950 primarii
855 1867 1128 1930 constructionem
1153 1867 1260 1952 sequi3

186 1975 273 2062 quod
297 1974 513 2058 grammatici,
539 1973 625 2059 quod
650 1974 761 2055 sciam,
785 1995 850 2036 non
874 1975 953 2037 satis
977 1972 1196 2036 attenderunt.

278 2081 408 2145 Deinde
444 2103 508 2144 non
544 2093 632 2144 recte
662 2081 882 2144 Devantierus
912 2081 1000 2163 fecit,
1036 2101 1110 2143 cum
1140 2079 1261 2144 nuliam

188 2190 326 2254 haberet
357 2189 514 2252 rationem
533 2189 835 2269 conformationnm,
867 2189 900 2250 in
929 2187 1046 2272 quibus
1070 2209 1164 2251 casus
1189 2188 1262 2252 sub-

188 2298 323 2362 stantivi
343 2297 429 2360 idem
456 2310 505 2359 est
528 2297 560 2358 in
586 2308 721 2380 utroque
746 2297 929 2376 enuntiat03
952 2318 1029 2358 narn
1051 2308 1118 2358 tum
1136 2317 1263 2381 quoque

191 2418 361 2488 utrumque
385 2404 456 2467 ficri
483 2412 599 2484 potest:
625 2401 750 2466 scilicet
766 2425 884 2466 nomen
901 2402 1139 2466 substantivum
1159 2415 1265 2487 potest

190 2533 260 2575 esse
284 2532 358 2593 pars
382 2521 438 2572 aut
462 2510 620 2573 enuntiati
644 2511 789 2594 primarii
814 2528 869 2574 aut
893 2510 1091 2573 secundarii:

282 2617 324 2681 ad
341 2618 410 2680 Att.
429 2616 477 2680 IV
494 2617 526 2698 3,
543 2619 581 2680 4:
618 2616 756 2699 Clodius,
794 2641 864 2680 carii
898 2618 1022 2681 liaberet
1047 2618 1265 2702 sapitiroinm

191 2726 324 2788 delectas
349 2727 469 2808 copias,
494 2728 529 2788 in
553 2748 700 2811 cenapum
723 2729 770 2788 ire
793 2749 856 2789 aon
881 2739 925 2788 est
948 2749 1053 2787 ansas.

279 2831 359 2896 ibid.
377 2831 430 2895 IX
448 2834 478 2914 l,
496 2833 532 2896 4:
558 2833 706 2896 Marcelli
722 2833 858 2917 quidem,
881 2835 946 2894 nisi
957 2833 1103 2915 pladiani
1120 2830 1266 2895 Caesaris

190 2944 378 3019 timuissent,
403 2952 574 3003 manerent.

280 3047 322 3112 ad
339 3049 415 3111 farn.
434 3047 486 3111 XI
503 3047 535 3127 6,
560 3050 595 3111 1:
632 3047 744 3132 Lepas
772 3059 877 3110 noster
904 3069 973 3109 cani
1004 3047 1139 3109 Romana
1167 3049 1266 3109 seatio

192 3158 243 3218 die
271 3156 398 3219 Matina
432 3159 573 3234 uenisset,
600 3156 757 3240 postridie
784 3177 833 3216 nie
859 3176 951 3216 nnana
979 3155 1123 3216 conuenit
1151 3165 1268 3238 tuaque

193 3264 273 3326 anilii
294 3265 446 3326 mandata
471 3273 503 3326 et
519 3285 549 3348 q.
568 3284 593 3326 a.

284 3371 394 3455 Atque
438 3369 499 3433 hae
544 3369 816 3433 conformationes
860 3368 1063 3432 necessariae
1104 3382 1180 3430 sunt
1225 3367 1266 3431 ad

195 3490 375 3543 structurae
393 3476 428 3540 Π
448 3477 704 3541 constructiones
726 3475 960 3560 explanandas
979 3474 1149 3558 inquibus
1174 3497 1268 3538 casus

194 3585 392 3670 pronominis
430 3582 559 3647 relativi
603 3583 689 3646 idem
738 3593 787 3646 est
823 3583 857 3645 in
905 3595 1040 3668 utroque
1090 3595 1269 3665 enunt·=.ato,

196 3691 302 3756 velut:

220 3880 225 3891 ⁴
286 3798 343 3863 Or.
362 3798 443 3862 104:
492 3802 550 3883 qai
581 3820 774 3882 quamquam
808 3819 890 3859 anas
920 3799 1032 3860 eminet
1058 3799 1141 3859 inter
1164 3818 1271 3859 orienes

196 3910 231 3970 in
261 3910 348 3969 omni
374 3928 486 3990 periere
513 3907 650 3984 dicendi,
680 3917 783 3968 tamen
805 3928 869 3968 non
893 3927 1014 3989 senipei·
1040 3904 1150 3990 implet
1177 3927 1270 3966 aures

197 4037 295 4094 nieas3
320 4013 404 4078 Phil.
422 4012 507 4076 XIV
524 4012 581 4076 28:
607 4015 660 4075 cai
682 4035 751 4075 cani
775 4015 945 4097 imperitans
968 4011 1133 4091 dabamus,
1164 4013 1270 4074 eodeni

199 4133 335 4207 tenpore
352 4124 452 4184 vetiani
476 4143 562 4205 spent
586 4123 653 4183 eins
676 4122 814 4183 nominis
838 4117 1063 4201 deserebamus.
