2866 4762
598 285 834 349 —118—

269 465 395 530 Auctor
411 465 507 529 huius
524 466 694 550 opinionis
713 449 871 550 quantum
888 465 1016 547 scimur,
1035 473 1084 528 est
1101 463 1142 528 G.
1156 465 1195 528 Τ.
1210 463 1250 528 Α.

178 574 405 657 Kruegerus
422 571 631 650 (Untersuch.
650 595 678 636 a.
696 572 770 635 dem
788 571 872 636 Geb.
890 580 951 636 etc.
969 593 1023 657 pg.
1041 571 1199 635 236—42
1220 582 1252 635 et

179 680 323 746 Gramm.
341 681 372 744 d.
394 680 450 744 lat.
473 679 558 766 Spr,
584 680 763 744 Hannover
788 679 885 762 1842,
906 701 961 765 pg.
986 679 1050 743 742
1072 679 1173 765 sqq.)3
1209 678 1251 743 ab

177 786 234 850 illo
258 786 412 872 permulti
428 809 499 850 eam
516 796 713 870 acceperunt
729 797 827 871 atque
845 777 1015 872 acceptam
1035 786 1104 850 fere
1121 788 1250 850 omnino

178 917 241 958 non
265 903 477 959 mutaverunt
500 917 606 979 neque
630 903 809 974 auxerunt,
843 893 944 978 quare
973 893 1052 978 quid
1082 895 1169 957 inter
1197 916 1251 958 eos

177 1002 306 1066 intersit
329 1010 518 1084 monstrare,
543 1024 608 1065 nou
624 1001 852 1065 necessarium.
889 1001 1006 1085 Itaque
1022 1010 1154 1086 praeter
1170 1000 1250 1064 alios

179 1109 305 1173 faciunt
329 1131 402 1173 cum
427 1109 613 1192 Kruegero:
638 1109 676 1171 F.
695 1108 873 1172 Handius
898 1107 1088 1183 (Lehrbuch
1112 1108 1170 1172 des
1194 1107 1249 1172 lat.

179 1215 267 1299 Stils,
291 1214 507 1296 Jena1833);
531 1216 570 1278 R.
587 1215 823 1279 Kuehnerus
848 1214 1031 1294 (Ausftihrl.
1055 1214 1201 1280 Gramm.
1219 1215 1249 1279 d.

178 1323 234 1387 lat.
252 1322 323 1407 Spr.
341 1323 376 1386 ΙΙ
397 1323 458 1386 Bd.
476 1323 511 1386 Π
528 1322 606 1386 Abt.
630 1346 659 1405 p.
678 1322 742 1387 867
765 1322 866 1408 sqq.);
893 1323 934 1386 H.
958 1323 1097 1407 Menge
1122 1323 1249 1406 (Repet.

179 1431 209 1495 d.
232 1430 288 1494 lat.
310 1430 404 1519 Synt.
428 1452 458 1493 n.
477 1429 608 1507 Stilist.;
635 1428 875 1493 Wolfenbtittel
902 1430 1001 1508 1905)
1031 1439 1063 1494 et
1091 1429 1250 1515 plurimae

178 1538 398 1602 institutiones
410 1538 653 1621 grammaticae,
665 1559 749 1622 quae
761 1537 795 1600 in
808 1559 902 1601 usum
912 1536 1097 1601 scholarum
1110 1539 1249 1622 scriptae

178 1647 285 1709 minus
313 1647 443 1731 copiose
472 1645 513 1708 de
541 1644 606 1708 illis
641 1645 812 1708 structuris
842 1644 955 1709 dicunt
991 1654 1024 1708 et
1058 1644 1140 1708 nihil
1174 1647 1250 1710 novi

178 1753 327 1816 afferunt.

272 1860 323 1924 Ac
347 1860 518 1924 videamus
542 1881 607 1945 qua
630 1860 756 1923 ratione
779 1857 968 1943 Kruegerus
993 1868 1025 1923 et
1048 1860 1197 1944 quicum
1214 1882 1250 1923 eo

181 1970 336 2051 sentiunt,
361 1977 540 2031 structuras
564 1966 600 2030 II
624 1975 656 2030 et
678 1966 731 2029 ΙΙΙ
754 1965 902 2051 intellegi
925 1966 1068 2030 iubeant.

268 2076 307 2138 In
332 2075 619 2159 comprehensione
643 2073 786 2160 quadam
809 2073 916 2138 velut:

340 2183 419 2266 qui,
444 2203 526 2245 oum
550 2180 662 2245 multi
686 2203 769 2244 eum
793 2179 1043 2264 impedirent,
1069 2181 1218 2244 restitit

180 2312 254 2353 cum
278 2289 451 2353 relativum
469 2311 489 2351 a
504 2288 606 2353 verbo
623 2288 817 2352 secundario
833 2288 1008 2352 attrahitur
1024 2289 1154 2351 exsistit
1170 2289 1250 2352 haec

179 2397 298 2462 forma:

341 2525 450 2587 quem
476 2524 558 2566 cum
581 2501 693 2565 multi
717 2502 968 2586 impedirent,
993 2502 1162 2584 restitit,

181 2610 267 2697 quod
292 2632 366 2673 cum
390 2610 437 2692 fit,
462 2610 550 2674 notio
566 2608 696 2673 relativi
713 2609 746 2672 in
763 2609 931 2673 enuntiato
948 2609 1112 2693 primarie,
1138 2610 1166 2674 si
1182 2610 1251 2674 eius

181 2740 275 2781 casus
294 2716 414 2781 debeat
431 2738 501 2780 esse
518 2717 739 2781 nominativus
756 2724 813 2780 aut
829 2717 1046 2799 accusativus,
1066 2739 1132 2780 non
1145 2719 1252 2802 expri-

181 2827 289 2907 mitur,
313 2824 455 2889 velutin
472 2824 623 2908 exemplo
639 2847 737 2908 supra
754 2822 866 2905 allato3
891 2824 919 2888 si
940 2823 1023 2888 alius
1045 2824 1166 2889 debeat
1182 2847 1253 2889 esse

180 2956 275 2997 casus
286 2955 384 3019 quam
396 2933 616 2996 nominativus
627 2942 683 2996 aut
694 2932 912 3014 accusativus,
926 2932 1131 3016 exprimitur,
1145 2932 1252 2997 velut:

271 3040 312 3104 de
329 3040 395 3104 div.
414 3040 522 3103 1120:
560 3041 624 3117 Qui
644 3042 711 3102 aiei
732 3042 917 3119 revertisset,
941 3041 976 3102 ia
999 3061 1034 3102 ao
1059 3041 1206 3103 conclavi
1226 3043 1256 3104 ei

182 3148 360 3211 cubandum
374 3148 496 3230 fuisset
519 3148 605 3231 quod
619 3148 772 3232 prosimu
794 3157 882 3210 nocte
906 3149 1033 3210 corruit.

270 3255 344 3318 Hac
368 3254 579 3318 construendi
602 3254 727 3318 ratione
751 3253 816 3317 duo
845 3253 1016 3317 enuntiata
1043 3252 1255 3338 implicantur

182 3373 215 3426 et
239 3362 422 3427 conflantur
445 3383 493 3443 e0,
530 3360 618 3446 quod
646 3382 823 3444 pronomen
851 3359 1026 3424 relativum
1055 3360 1160 3425 forma
1184 3362 1254 3447 qui-

182 3469 256 3533 dem
270 3470 438 3534 enuntiato
451 3469 654 3549 secundario,
673 3490 770 3533 sensu
786 3476 896 3532 autem
912 3469 1082 3533 enuntiato
1099 3469 1253 3554 primario

183 3576 387 3641 attribuitur:
417 3577 506 3658 „Das
529 3575 660 3640 Relativ
684 3576 800 3660 gehort
827 3574 895 3640 also
923 3598 964 3639 zu
986 3575 1105 3640 beiden
1122 3575 1253 3660 Satzen,

185 3707 245 3760 „zu
275 3684 349 3748 dem
379 3685 474 3747 einen
503 3683 561 3747 der
584 3685 683 3747 Form
711 3683 805 3765 nach,
830 3706 870 3747 zu
895 3683 969 3747 dem
998 3684 1141 3747 anderen
1178 3684 1254 3748 dem

185 3791 306 3873 „Sinne
330 3792 424 3874 nach,
449 3791 516 3855 und
546 3791 630 3855 eben
655 3790 800 3854 dadurch
825 3790 908 3854 vvird
931 3791 989 3854 der
1010 3790 1254 3856 Zwischensatz

185 3895 239 3978 ‚,(i.
257 3920 284 3961 e.
302 3920 385 3962 cum
401 3897 513 3963 multi
538 3921 620 3962 eum
637 3897 889 3982 impedirent)
913 3899 972 3962 mit
988 3899 1110 3963 seinem
1126 3898 1255 3984 Haupt·

186 4013 293 4086 „satae
307 4007 340 4082 (i.
354 4007 459 4091 equi
472 4040 512 4048 -
527 4005 694 4085 restitit)
708 4028 808 4090 anger
817 4001 1064 4070 verschrankt.“
1078 4007 1254 4092 (Krueger,

183 4110 327 4176 Gramm.
345 4134 376 4197 p.
396 4109 484 4193 744.)
