2866 4762
442 260 747 337 ¹-173—

89 458 219 534 ptamus
236 449 277 513 ad
294 450 572 514 constructionum
588 450 708 514 formas
726 450 960 536 explanandas,
985 453 1019 516 in
1043 452 1164 538 quibus

90 556 265 621 relativum
289 578 412 620 meram
436 557 504 620 vim
528 556 700 621 relativam
724 557 833 640 habet,
858 569 908 622 ut:

179 663 220 727 de
236 685 271 727 re
288 686 318 747 p.
336 664 363 747 Ι,
382 665 415 727 7:
453 664 486 726 le
515 667 598 727 euim
617 664 763 747 fueram,
801 669 854 728 cui
881 662 951 728 curu
982 666 1088 730 liceret
1110 681 1166 731 out

90 773 224 834 maiores
252 793 289 833 ec
317 773 379 834 otio
400 769 527 843 fructus
559 794 671 856 capere
694 794 791 855 quom
818 775 927 836 ceteris
944 823 1055 836 .....
1059 824 1067 854 ,
1099 797 1165 838 uon

93 878 302 942 dubitaverim
326 900 373 941 me
386 881 586 962 pravissimis
603 881 836 965 tempestatibus
853 927 860 942 .
881 932 887 944 .
907 931 913 943 .
932 879 1057 944 obvium
1071 881 1165 964 ferre

90 995 123 1049 et
146 1008 177 1070 q.
203 1009 227 1050 s.

180 1092 221 1156 ad
238 1092 314 1156 fam.
332 1091 427 1174 V16,
445 1092 480 1157 5:
505 1115 542 1155 ec
564 1115 612 1156 rue
635 1097 772 1157 atrociore
794 1094 948 1179 Pompeio
974 1095 1089 1179 quibus
1112 1097 1165 1158 ille

89 1202 308 1284 aperuisset,
342 1211 419 1262 ercet
442 1200 493 1262 laic
516 1202 643 1284 quidem
665 1202 771 1264 clarae
795 1204 829 1264 io
853 1214 926 1285 topa
950 1214 979 1265 ct
999 1206 1161 1287 princeps,

90 1309 144 1370 aed
167 1320 272 1370 tantas
297 1329 379 1391 opes,
407 1320 543 1391 quantas
566 1331 651 1370 auur
674 1309 775 1389 habet,
800 1332 864 1372 coo
887 1310 1022 1374 luberet.

180 1413 291 1477 defin.
309 1412 326 1476 I
342 1413 400 1477 26:
426 1414 589 1499 Epicurus
606 1427 650 1478 ert
665 1437 729 1478 coc
745 1419 822 1479 cotie
836 1416 1013 1501 petitoriis
1030 1416 1161 1497 ortibus,

92 1544 172 1606 quar
195 1523 253 1605 qui
274 1533 385 1602 teuent,
411 1523 531 1585 eruditi
553 1524 766 1607 appellantur.

179 1630 289 1693 Primo
315 1638 493 1714 conspectu
518 1629 623 1693 videri
646 1640 750 1713 potest
781 1631 864 1694 tales
890 1631 1163 1695 conformationes

89 1735 179 1800 nullo
203 1736 299 1800 modo
322 1758 384 1800 usu
408 1735 538 1800 relativi
567 1758 623 1821 pro
654 1737 909 1802 demonstrativo
942 1747 974 1801 et
1003 1737 1163 1822 particula

90 1843 315 1908 coordinativa
328 1843 488 1928 explicari
500 1841 604 1927 posse,
621 1867 696 1907 nam
712 1866 766 1928 pro
780 1848 832 1907 cai
847 1845 881 1907 in
894 1845 998 1929 primo
1011 1844 1162 1929 exemplo

89 1973 154 2014 non
177 1951 254 2035 poni
277 1959 383 2034 potest
407 1961 444 2014 et
468 1952 502 2014 ei
526 1950 580 2014 vel
605 1952 641 2014 ei
665 1961 808 2033 autem,
834 1973 940 2035 neque
963 1952 997 2014 in
1019 1952 1162 2016 secundo

91 2080 148 2144 pro
177 2059 300 2142 quibus,
342 2067 379 2122 et
411 2059 465 2122 eis
495 2067 555 2122 etc.
592 2081 676 2122 neve
710 2059 744 2121 in
774 2059 870 2123 tertio
906 2081 962 2142 pro
1002 2081 1090 2143 quus,
1127 2068 1164 2122 et

90 2188 154 2229 eas
178 2174 240 2229 cto.
277 2164 363 2230 Sane
388 2165 454 2229 dici
478 2175 603 2246 poterat
632 2188 689 2250 pro
713 2169 766 2229 cui
793 2188 863 2228 cum
892 2166 997 2229 liceret
1023 2189 1080 2229 —:
1107 2176 1162 2249 ut⁷

89 2272 183 2336 mihi
212 2294 297 2336 cum
326 2272 467 2336 liceret
495 2282 528 2336 ct
556 2295 612 2356 pro
642 2273 756 2357 quibus
783 2274 838 2336 ule
867 2277 897 2335 oi
920 2276 1082 2357 paruisset
1106 2298 1161 2336 -:

89 2391 144 2462 ut,
169 2381 202 2444 si
226 2379 294 2444 ille
318 2381 366 2444 iis
383 2382 595 2466 paruisset3
620 2371 730 2465 id‘est,
748 2404 804 2467 pro
822 2383 1010 2466 pronomine
1026 2381 1163 2445 relativo

90 2489 165 2572 poni
189 2496 317 2572 poterat
338 2488 632 2553 demonstrativum
650 2488 704 2553 vel
720 2489 900 2575 personale,
926 2489 984 2554 sed
1006 2513 1070 2554 non
1088 2512 1163 2554 cum

14 2624 17 2629 >
89 2595 251 2680 particula
267 2595 555 2678 coordinativa,
580 2619 694 2660 verum
712 2620 786 2661 cum
802 2597 965 2683 particula
981 2598 1162 2662 subiunc-

90 2703 175 2766 tivu
199 2710 297 2787 atque
322 2703 355 2767 id
379 2702 475 2786 longe
500 2703 590 2767 aliud
615 2712 664 2767 est
688 2713 785 2788 atque
813 2705 836 2766 ii
864 2705 927 2768 viri
956 2704 1043 2768 docti
1071 2713 1162 2789 puta·

89 2819 181 2891 runt3
206 2819 255 2873 cst
272 2811 358 2873 enirn
375 2797 490 2873 eedem
506 2811 557 2874 vis
573 2810 703 2874 relativi
720 2820 819 2896 atque
835 2812 868 2874 in
886 2812 1063 2874 enuntiatis
1079 2811 1162 2875 rela-

90 2919 167 2981 tivis
191 2917 409 2982 subiunctivis
433 2928 483 2982 ut:

180 3024 325 3089 Caesar
355 3026 626 3109 exploratores
654 3026 774 3109 misit,
811 3026 875 3111 qui
904 3025 1160 3088 viderent...

89 3132 123 3195 id
148 3140 260 3196 estut
283 3133 312 3196 ii
335 3132 592 3196 viderent...

179 3238 218 3302 In
243 3239 338 3304 tertio
356 3248 465 3303 autem
483 3239 634 3323 exemplo
651 3240 781 3302 omnino
798 3261 862 3302 non
883 3248 991 3324 potest
1007 3261 1064 3323 pro
1080 3237 1159 3303 relu-

90 3347 159 3410 tivo
184 3369 263 3430 quae
293 3347 584 3411 demonstrativum
613 3369 686 3411 cum
716 3347 857 3432 quadarn
888 3346 1046 3430 particula
1074 3347 1159 3430 poni.

180 3453 277 3517 Unde
301 3464 438 3538 apparet
461 3453 545 3517 hanc
570 3453 821 3538 explicationem
839 3477 905 3519 non
928 3455 1090 3539 pertinere
1116 3453 1157 3516 ud

90 3560 241 3645 exempla
265 3562 299 3624 in
323 3560 442 3646 quibus
462 3583 638 3645 pronomen
659 3562 834 3625 relativum
850 3583 973 3625 meram
996 3563 1064 3625 vim
1080 3561 1160 3626 rela-

89 3669 192 3731 tivam
216 3667 325 3732 habet.

179 3773 291 3861 Atque
307 3797 381 3840 cum
398 3775 478 3839 talia
494 3775 646 3859 exempla
662 3776 695 3838 in
715 3797 908 3860 unoquoque
924 3798 1044 3858 genere
1061 3777 1159 3839 trium

90 3884 368 3948 constructionum
392 3891 567 3947 occurrunt
591 3883 708 3964 elucet,
733 3881 824 3945 illam
840 3904 905 3946 non
926 3904 1037 3946 omnes
1061 3884 1159 3947 trium

89 3991 367 4055 constructionum
384 3990 654 4054 conformationes
675 3987 852 4072 explanare
869 4010 971 4073 posse.
989 4025 1033 4032 —
1051 3989 1160 4069 Quare

88 4096 175 4188 hanc
191 4096 453 4183 explicationem,
471 4099 548 4183 quia
564 4097 734 4181 angustior
750 4105 807 4178 est,
828 4118 941 4160 veram
957 4096 1078 4162 habere
1094 4120 1160 4162 non
