2866 4762
606 279 820 345 ..85-

268 459 309 523 de
332 459 385 524 off.
411 459 446 521 H
471 458 527 522 ⁸9:
560 483 579 520 a
605 481 665 542 quo
691 481 760 521 eum
785 470 988 542 quaereretur
1012 460 1091 542 que'd
1112 460 1249 521 mauime

173 568 211 629 iu
233 588 268 628 re
282 566 453 649 familearu'
463 566 644 650 expediret,
670 567 854 648 respoudit:
881 565 989 646 „Beue
1008 561 1172 649 6666666.ιζ

223 887 255 951 b.
292 887 505 950 Pronomen
533 886 743 951 relativum
778 909 848 972 pro
884 909 977 951 casu
1015 887 1204 952 attributi

343 1013 410 1068 aut
434 1003 581 1067 obiecti
605 1026 733 1067 oasum
757 1002 929 1067 subieoti
953 1003 1082 1067 sumit:

269 1136 352 1200 Cum
376 1158 554 1221 pronomen
579 1136 854 1200 oonstruotionem
878 1137 1039 1201 enuntiati
1063 1137 1248 1201 secundarii

177 1245 334 1330 sequitur,
372 1245 470 1308 etiam
499 1245 697 1308 eontrarium
731 1244 802 1308 fieri
837 1253 945 1329 potest
980 1254 1078 1330 atque
1107 1245 1139 1308 in
1168 1245 1249 1309 loois

177 1353 328 1437 proxime
353 1350 580 1437 praecedentis
604 1353 721 1436 partis3
755 1373 933 1436 pronomen
962 1352 1047 1415 enim
1074 1351 1249 1417 relativum

175 1461 276 1524 sumit
301 1480 411 1522 casum
436 1457 584 1522 subiecti.

278 1705 345 1766 Pro
367 1704 543 1766 Genetiva:

271 1825 309 1888 In
333 1825 456 1911 protasi
480 1847 580 1889 unum
606 1826 825 1888 enuntiatum:

268 1933 308 1997 de
325 1942 391 1997 nat.
410 1932 497 1996 deor.
516 1932 639 1995 11144:
667 1931 754 2011 Quid
777 1935 868 2009 euim,
894 1931 1006 2014 aiebat,
1031 1935 1062 1995 re'
1076 1932 1111 1996 m·
1130 1932 1249 2010 fratrer

176 2055 251 2104 aaut
279 2044 315 2103 e'u
342 2062 485 2115 numero,
503 2042 643 2119 deorum,
679 2041 817 2104 arumde
849 2053 942 2122 patre
971 2062 1078 2103 eorum
1108 2040 1249 2105 Saturae

178 2150 293 2231 ueqarr'
314 2159 416 2232 pateat
438 2196 445 2209 .
466 2199 472 2210 .
492 2147 531 2210 ..9
567 2150 624 2231 qui
646 2150 676 2210 m'
698 2160 742 2210 eet
765 2149 851 2227 deae,
872 2160 1000 2232 patrem
1024 2170 1149 2232 quoque
1171 2151 1248 2228 ee‘ur,

178 2254 316 2335 Caelum,
354 2277 417 2318 eme
445 2257 537 2317 eleum
566 2256 773 2335 confitendum
798 2267 851 2318 eet.
888 2255 1008 2339 (potnit
1031 2255 1111 2319 dioi:
1146 2256 1248 2333 enine,

177 2364 205 2426 ei
231 2363 300 2448 ipso
325 2371 375 2426 est
399 2361 489 2445 deus,
514 2371 641 2447 patrem
665 2385 696 2447 q.
723 2361 796 2439 ...)

269 2469 309 2534 de
324 2491 361 2533 re
377 2491 408 2555 p.
427 2469 536 2534 1137:
564 2468 630 2548 Qui
651 2468 709 2551 (so.
728 2468 862 2533 Servius
875 2468 1018 2548 Tullius)
1043 2493 1113 2533 aum
1130 2519 1137 2533 .
1157 2520 1164 2534 .
1182 2521 1188 2533 .
1208 2472 1251 2533 aat

178 2578 289 2662 epulae
313 2581 397 2661 reqe'a
422 2579 595 2660 adtineret,
631 2600 695 2640 uou
725 2577 817 2640 latuit
840 2577 979 2641 scintilla
1002 2580 1134 2660 imperti,
1169 2600 1250 2662 quae

177 2687 243 2747 r'am
272 2696 338 2748 tum
366 2696 431 2747 tum
458 2683 598 2748 elucebat
624 2687 659 2747 u'u
681 2706 795 2768 puero.
833 2683 905 2769 (pro
933 2685 1037 2768 ouius,
1074 2707 1148 2749 oum
1174 2735 1180 2748 .
1208 2736 1214 2749 .
1241 2735 1248 2749 .

179 2791 365 2874 adsisteret,
389 2812 454 2855 non
478 2790 575 2854 latuit
599 2789 742 2854 scintilla
767 2790 840 2868 ...)

270 2932 372 2997 Plura
395 2933 579 2996 enuntiata:

269 3041 426 3105 Eiusdem
451 3040 588 3122 ordinis3
626 3062 727 3103 unum
751 3040 909 3104 eiusmodi
932 3041 1117 3105 invenimus
1141 3041 1248 3106 looum

178 3159 278 3234 atque
302 3147 395 3212 illum
419 3149 452 3211 in
477 3149 621 3212 oratione
644 3146 792 3232 obliqua:

242 3250 245 3256 ’
269 3255 311 3319 de
327 3264 392 3318 nat.
410 3254 499 3318 deor.
517 3255 551 3317 ΙΙ
569 3255 646 3318 124:
679 3255 761 3338 Lequ'
780 3256 874 3318 etiam
898 3258 1051 3339 seriptum
1075 3277 1138 3319 6666
1162 3277 1249 3319 auem
1299 3279 1310 3300 κ

178 3364 353 3448 quamdam,
377 3385 457 3446 quae
469 3362 580 3447 platea
595 3365 794 3439 nominatam
818 3385 886 3425 eam
902 3363 965 3425 m'br'
980 3362 1083 3425 eibum
1100 3386 1250 3447 quaerere

179 3471 379 3534 advolantem
402 3472 446 3532 ad
469 3493 521 3534 eat
545 3492 628 3550 aree,
655 3493 737 3553 qaue
756 3493 788 3533 oe
809 3473 844 3532 u'u
859 3474 944 3533 mare'
958 3483 1146 3554 merqer·eut‚·
1171 3493 1251 3556 quae

178 3601 249 3642 aum
261 3579 458 3642 emeree‘meut
465 3580 644 3662 piscemque
657 3581 820 3663 cepissent,
834 3599 933 3662 usque
945 3600 979 3640 eo
987 3599 1132 3662 premere
1143 3600 1251 3642 earum

178 3689 286 3770 capita
303 3686 474 3761 moraeque,
493 3686 569 3747 dum
582 3685 658 3748 illae
674 3697 802 3770 raptum
817 3688 1001 3766 amitterent,
1026 3688 1061 3747 e'u
1079 3687 1164 3768 quad
1178 3688 1252 3770 ipra

179 3795 350 3857 inuaderet.
376 3791 519 3878 (poterat
531 3792 611 3856 diei:
645 3815 793 3878 quarum,
813 3814 887 3856 oum
901 3788 987 3873 (eae)
1002 3841 1008 3855 .
1024 3842 1030 3856 .
1047 3842 1054 3856 .
1077 3793 1250 3877 cepissent,

179 3923 282 3986 usque
308 3922 346 3964 6ο
370 3923 401 3985 p.
416 3921 444 3964 o.
458 3923 499 3963 m.
527 3899 601 3977 ...)

269 4008 404 4072 Diversi
428 4007 566 4072 ordinis:

269 4116 311 4180 de
328 4115 392 4200 leg.
410 4115 427 4179 I
444 4117 501 4180 62:
536 4115 719 4196 Quaeram
743 4127 787 4179 tot
809 4137 858 4178 res
883 4125 1049 4206 tantaeque
1071 4115 1145 4193 etat,
1171 4135 1252 4197 quae
