2866 4762
631 231 844 294 ..10-

197 407 349 472 omnibus
373 407 540 472 Ciceronis
565 407 694 493 seriptis
718 406 933 493 perlustratis
972 409 1090 490 omnia,
1115 429 1199 492 quae
1223 408 1271 471 in-

197 516 356 598 venimus,
403 515 556 601 exempla
599 515 790 599 collegimus
835 525 868 579 et
906 515 1140 600 disposuimus,
1187 511 1292 600 quae'

198 622 361 708 exempla,
385 624 527 708 primum
550 619 594 687 ex
615 624 757 687 editione
774 621 900 704 Orellii,
926 622 1051 686 Halmii
1067 632 1100 687 et
1116 619 1271 704 Baiteri¹)

197 730 324 813 hausta,
338 730 384 793 ita
397 731 671 813 confirmavimus
685 731 765 794 utin
778 751 974 815 unoquoque
988 751 1099 793 eornm
1112 730 1271 794 editiones

197 837 322 901 Baiteri
357 846 389 900 et
430 837 613 924 Kayseri⁹),
661 836 814 902 Muelleri
823 838 846 916 ³)
853 887 861 917 ,
909 838 943 901 in
983 837 1133 922 epistulis
1172 838 1271 902 etiam

199 944 376 1009 editionem
399 944 561 1023 Purseri⁴)
586 945 829 1009 contulerimus.

288 1052 452 1137 Exempla
477 1074 520 1115 ex
543 1051 719 1117 Rhetorica
748 1051 790 1116 ad
814 1051 1032 1134 Herennium,
1068 1072 1111 1114 ex
1141 1049 1270 1114 duabus

201 1158 508 1242 declamationibus,
552 1181 595 1222 ex
625 1160 770 1223 oratione
809 1159 915 1244 pridie
946 1179 977 1243 q.
1011 1159 1044 1221 in
1081 1157 1174 1221 exsil.
1209 1158 1271 1220 iret

198 1265 312 1331 habita
336 1288 399 1330 non
424 1266 711 1330 consideravimus.

287 1373 417 1437 Deinde
450 1373 624 1456 diligenter
658 1373 856 1458 perlegimus
885 1396 938 1457 ea,
975 1394 1059 1457 qnae
1088 1373 1152 1435 viri
1181 1371 1269 1435 docti
1386 1424 1388 1426 .

197 1480 273 1544 inde
304 1480 346 1544 ab
375 1480 467 1544 initio
499 1481 567 1544 fere
598 1480 721 1545 saeculi
751 1481 892 1565 proximi
920 1502 1023 1566 usque
1053 1479 1096 1543 ad
1126 1489 1268 1542 nostram

199 1595 340 1652 aetatem
370 1588 584 1673 scripserunt,
620 1609 819 1673 quemqnam
846 1586 904 1650 illa
932 1587 1042 1651 omnia
1074 1607 1269 1670 cognoscere

198 1693 436 1775 contendimus,
461 1704 571 1758 tamen
594 1695 665 1758 fieri
681 1704 797 1780 potest,
823 1703 860 1758 ut
882 1693 1045 1779 quaedam
1069 1694 1111 1758 ad
1126 1703 1269 1757 nostram

196 1824 266 1865 rem
289 1802 487 1886 pertinentia
510 1823 568 1866 nos
593 1802 776 1886 effugerint,
805 1801 863 1866 sed
891 1801 1038 1886 profecto
1061 1800 1153 1885 nihil,
1183 1800 1270 1885 quod

197 1909 240 1973 sit
263 1905 386 1993 'magni
421 1911 590 1990 momenti3
625 1932 701 1973 nam
734 1908 895 1994 quidquid
927 1908 1054 1991 insigne
1089 1908 1130 1972 de
1166 1907 1270 1972 tribus

197 2016 495 2081 constructionibus
531 2017 733 2102 disputatum
764 2027 826 2098 est,
863 2016 898 2079 id
935 2016 999 2078 viri
1029 2015 1117 2080 docti
1147 2015 1201 2078 vel
1236 2016 1269 2078 in

196 2125 282 2188 notis
306 2123 359 2187 vel
382 2123 416 2186 in
442 2133 599 2188 contextu
623 2125 738 2188 afferre
763 2123 881 2203 solent,
907 2144 991 2208 quae
1016 2124 1125 2186 omnia
1140 2132 1270 2208 praeter

198 2241 308 2296 cetera
332 2231 538 2296 contulimus

290 2339 335 2402 Et
358 2337 416 2402 illa
438 2339 570 2423 quidem
594 2338 716 2423 scripta
739 2338 820 2401 haec
843 2338 912 2402 fere
937 2345 1026 2401 sunt:

173 2464 317 2545 'Bach:
347 2480 399 2544 De
423 2482 615 2545 attractione
640 2501 724 2564 quae
750 2480 870 2544 dieitur
894 2481 1024 2543 inversa
1052 2479 1141 2564 apud
1162 2479 1269 2565 Scrip-

288 2596 374 2651 tores
398 2588 542 2652 Latinos
590 2585 771 2672 Strassburg
798 2586 894 2652 1888.

197 2696 345 2778 Berger
371 2693 452 2773 (E.):
477 2693 685 2759 Lateinische
702 2694 846 2760 Stilistik
869 2695 891 2758 f.
909 2694 1008 2759 obere
1025 2693 1268 2782 Gymnasialkl.

289 2801 380 2867 Celle
407 2802 503 2867 1870.
870 2880 872 2885 λ

198 2911 417 2974 Deventier
441 2907 522 2990 (F.):
555 2895 650 2975 liber
679 2910 737 2974 das
767 2919 968 2995 sogenannte
998 2909 1207 2993 „Relativum
1235 2912 1268 2974 in

288 3018 347 3082 der
383 3017 665 3100 Versohrttnkung
703 3017 784 3081 oder
822 3013 1076 3081 Konkurrenz“.
1135 3018 1269 3081 Friede-

288 3125 370 3209 berg
387 3125 460 3189 Nm.
488 3124 585 3189 1886.

198 3232 379 3297 Dietrich
403 3228 484 3315 (F.):
514 3231 566 3295 De
597 3231 790 3295 attractione
818 3231 1017 3315 pronominis
1048 3231 1178 3295 relativi
1207 3253 1268 3294 usu

288 3338 479 3425 Sophocleo.
528 3337 719 3403 Darmstadt
745 3336 840 3401 1873.

288 3621 307 3687 ¹)
326 3619 369 3673 Io.
390 3618 483 3690 Oasp.
503 3617 663 3684 thollius,
692 3616 848 3670 Baitorus
872 3615 925 3683 (lo.
950 3614 1081 3686 (soors),
1114 3613 1269 3668 Halmius

198 3709 314 3777 (Car.):
343 3709 398 3763 Cic.
419 3727 462 3778 op.
485 3708 587 3772 omnia3
608 3707 698 3760 Turiei
719 3705 868 3761 1845-61.

287 3798 308 3866 ²)
328 3798 443 3851 Baiter
472 3796 527 3865 (Io.
554 3796 691 3866 Georg),
720 3795 847 3866 Kayser
873 3793 914 3863 (C.
939 3794 995 3861 L.):
1024 3793 1080 3848 cic.
1100 3812 1144 3864 op.
1165 3793 1268 3856 omnia3

199 3886 307 3957 Lipsiae
327 3886 477 3940 1860-69.

287 3976 308 4044 ³)
327 3975 468 4029 Mueller
495 3975 537 4044 (C.
556 3974 669 4044 F.W.):
698 3974 754 4031 Cio.
779 3992 822 4046 op.
848 3973 947 4029 omnia.
984 3972 1058 4044 Lips.
1079 3972 1265 4028 1893-1901.

288 4067 309 4133 ⁴)
328 4065 449 4119 Purser
466 4064 509 4133 (L.
528 4063 600 4120 Gli:
618 4062 641 4104 Γ
643 4062 650 4077 “
809 4060 829 4080 “
858 4061 906 4117 mii
923 4061 1075 4118 1901-03.
