2866 4762
597 289 830 382 wrc-

179 466 363 543 „Denken
387 488 447 530 vor
470 466 540 530 sich
563 465 650 550 geht,
682 466 822 531 sondern
853 466 957 530 durch
988 466 1041 530 die
1066 466 1251 531 natiirliche

180 573 416 656 „ungeschulte
440 575 631 659 Bewegung
654 574 713 638 der
737 569 1105 658 Vorstellungsm'assen,
1137 574 1191 639 die
1218 578 1251 659 je

179 682 284 758 „nach
312 681 497 766 Begabung
531 681 599 745 und
627 680 838 766 Ausbildung
868 681 960 745 mehr
994 681 1074 746 oder
1108 683 1252 766 weniger

184 787 369 872 „logischen
395 788 559 853 Gesetzen
582 788 665 872 folgt
688 789 767 853 oder
790 789 882 852 nicht
904 788 1018 874 folgt.“

266 895 333 960 Sed
363 896 431 959 fere
461 896 585 980 eadem,
618 918 701 982 quae
731 897 782 959 vir
811 896 1018 960 doctissimus
1049 895 1247 980 generaliter

176 1002 356 1087 profitetur,
386 1005 555 1088 speciatim
584 1003 716 1068 dicebat
744 1005 809 1067 iam
833 1025 918 1068 anno
945 1003 1251 1069 1841111111-

176 1109 411 1174 schmidtius
439 1106 487 1193 (in
519 1132 638 1195 progr,
675 1111 762 1196 quod
793 1111 1001 1175 inscribitur:
1039 1111 1174 1191 Quaest.
1210 1111 1250 1175 de

177 1218 372 1281 attractione
397 1240 495 1302 quam
525 1218 648 1301 dicunt,
680 1241 735 1303 pg.
760 1219 798 1300 43
830 1217 991 1303 Torgau);
1022 1240 1097 1282 cum
1126 1241 1249 1283 errores

177 1346 288 1388 eorum
302 1334 470 1407 monstrat,
484 1327 541 1410 qui
558 1325 598 1389 de
614 1326 807 1389 attractione
820 1335 896 1389 ante
908 1327 1015 1410 ipsum
1029 1325 1248 1410 disputarunt,

177 1454 250 1496 cum
276 1432 350 1515 alia,
375 1442 444 1497 tum
468 1433 550 1497 haec
574 1433 669 1497 dicit:
695 1432 877 1517 „Alterum
903 1434 990 1519 quod
1011 1433 1100 1497 cadit
1115 1434 1149 1497 in
1166 1433 1249 1498 hanc

180 1541 432 1625 „quaestionem
446 1551 483 1604 ut
495 1541 576 1604 mihi
588 1541 730 1622 videtur,
747 1541 986 1624 gravissimum,
1004 1563 1041 1605 eo
1054 1541 1248 1623 continetur,

161 1646 165 1656 ’
180 1647 286 1732 „quod
303 1647 397 1711 multi
414 1650 578 1731 1111111101,
596 1648 716 1733 quibus
731 1649 900 1712 notionum
916 1649 1126 1712 formationes
1142 1650 1249 1733 singu·

180 1753 283 1836 „lares
307 1756 341 1818 in
365 1755 472 1840 logica
495 1778 579 1841 quae
604 1756 724 1821 dicitur
751 1755 1082 1840 comprehenduntur,
1111 1756 1249 1821 induxe-

180 1872 275 1944 „runt
309 1865 341 1926 in
373 1865 633 1947 grammaticam;
670 1874 727 1928 aut
762 1865 995 1928 sententiam
1026 1864 1249 1949 primariam

179 1980 417 2055 „posuerunt
439 1972 479 2034 in
496 1972 639 2053 fronte,
665 1972 719 2035 cui
735 1983 844 2034 cetera
860 1972 969 2035 omnia
989 1971 1140 2056 adaptari
1156 1993 1249 2057 posse

178 2077 426 2169 „opinabantur
460 2078 525 2158 Qui
549 2101 624 2142 cum
640 2079 673 2141 in
690 2078 896 2162 explicandis
917 2077 997 2142 locis
1013 2087 1146 2163 praeter
1161 2078 1262 2162 leges¹

179 2185 365 2268 „cogitandi
400 2186 482 2249 nihil
516 2186 730 2271 inspicerent,
767 2186 846 2249 mihi
880 2185 1037 2250 videntur
1070 2207 1136 2250 non
1171 2187 1248 2250 satis

180 2292 416 2377 „perspexisse,
453 2293 509 2378 qui
545 2294 646 2377 spiret
680 2295 714 2356 in
746 2292 867 2376 linguis
890 2294 1028 2373 animus,
1064 2315 1127 2357 nec
1163 2293 1252 2375 subit

179 2400 310 2483 „mirari
327 2399 413 2485 quod
434 2400 467 2462 in
487 2401 658 2464 structuris
676 2400 853 2465 verborum
874 2400 1104 2465 audacioribus
1122 2400 1251 2485 neglec-

180 2516 266 2590 „tam
303 2507 468 2590 cogitandi
502 2530 648 2572 normam
672 2509 836 2590 viderunt,
873 2507 914 2571 de
950 2507 1070 2592 quibus
1104 2517 1195 2573 recte
1226 2510 1252 2573 si

179 2615 309 2697 „omnia
332 2615 590 2700 perpendissent,
616 2615 711 2679 111111
733 2608 1000 2680 iudicavissent.“

180 2703 182 2707 ¹
268 2721 361 2801 Quae
385 2723 538 2806 quoniam
562 2733 637 2786 sunt
661 2725 716 2806 ita,
743 2722 850 2787 elucet
873 2745 1052 2808 pronomen
1076 2721 1251 2789 relativum

177 2852 281 2915 aeque
307 2823 478 2915 ,01011111ιι
505 2830 741 2894 accommodari
765 2831 797 2893 in
822 2830 1093 2895 conforrnatione:

312 2959 422 3021 quem
446 2959 530 3001 cum
554 2937 668 3001 multi
691 2937 942 3022 impedirent,
967 2938 1119 3003 restitit

268 3045 383 3129 atque:

267 3153 348 3237 qui,
373 3173 457 3216 cum
483 3175 565 3216 eum
590 3151 702 3216 multi
726 3152 978 3237 impedirent,
1003 3153 1164 3218 restitit.

266 3260 408 3323 Interest
447 3268 589 3342 tantum,
632 3259 718 3345 quod
762 3260 796 3323 in
841 3261 948 3345 prima
992 3259 1168 3337 relativum
1211 3260 1252 3324 ad

176 3368 333 3430 rationem
351 3366 616 3454 psychologicam
633 3389 717 3452 quae
734 3366 863 3450 dicitur,
881 3368 915 3430 in
934 3367 1037 3431 altera
1047 3368 1089 3432 ad
1102 3389 1250 3432 severam

176 3473 302 3558 logicae
325 3475 485 3538 rationem
509 3475 781 3538 accommodatur.
1211 3549 1213 3554 ,

267 3582 428 3661 Quoniam
452 3584 559 3647 notio
588 3583 748 3646 relativi
779 3583 987 3667 utriusque
1014 3581 1130 3646 verbi
1154 3604 1252 3647 com-

176 3691 303 3753 munis
328 3702 402 3773 est,
428 3700 460 3753 et
483 3691 640 3775 primarii,
666 3699 698 3755 et
714 3690 909 3773 secundarii,
935 3690 1064 3754 exsistit
1084 3691 1252 3754 contentio

177 3797 339 3881 quaedam
383 3807 481 3883 atque
511 3799 651 3883 saepius,
680 3819 763 3861 cum
796 3798 959 3883 quodam
994 3799 1113 3862 animi
1147 3806 1252 3863 motu

177 3905 340 3988 primum
375 3904 488 3969 illius
523 3906 664 3969 relatio
706 3905 754 3969 ad
788 3905 948 3969 verbum
973 3905 1251 3969 secundarium

177 4011 213 4073 in
250 4021 414 4076 mentem
444 4014 566 4096 venit,
599 4022 678 4077 tum
714 4014 894 4098 sequitur
920 4012 1132 4078 relativum
1156 4035 1253 4078 con-

177 4120 436 4184 structionem
460 4120 572 4184 verbi
597 4120 822 4184 secundarii
853 4129 890 4184 11
905 4121 963 4185 lit
986 4129 1193 4186 structura
1218 4121 1254 4185 ΙΙ
