2866 4762
525 298 839 379 faos-

181 476 463 562 comprehensioni
487 476 688 559 praecedunt
712 487 768 539 aut
791 499 863 540 eam
880 488 1066 562 sequuntur.
1092 511 1136 520 -
1161 473 1256 555 Quod

182 596 364 650 extremum
393 584 531 649 fortasse
560 585 664 667 primo
694 593 869 668 conspeetu
893 585 1009 648 mirum
1033 584 1174 666 videtur,
1200 583 1257 648 sed

181 715 217 756 re
240 714 321 756 vera
341 690 423 755 nihil
438 691 513 754 miri
530 690 641 774 babet,
666 713 741 754 nam
758 713 831 755 cum
849 692 1050 755 enuntiatum
1068 692 1256 776 primarium

181 798 342 886 particula
380 799 589 864 subiunctiva
628 812 734 863 arcte
773 821 846 863 eum
887 799 1078 863 secundario
1117 798 1256 864 relativo

135 917 137 921 ’
182 907 408 989 cohaereat,
448 906 486 971 fit
524 907 709 970 necessario
746 916 779 969 ut
813 929 879 970 non
915 905 1017 970 solum
1053 907 1255 970 enuntiatum

182 1014 420 1095 secundarium,
457 1013 515 1078 sed
552 1014 649 1078 etiam
680 1013 868 1098 primarium
897 1012 1034 1077 relative
1065 1035 1137 1076 eum
1163 1034 1256 1098 prae-

182 1121 374 1186 cedentibus
397 1130 454 1185 aut
476 1121 687 1206 sequentibus
711 1122 926 1205 coniungatur
953 1117 1008 1202 (de
1032 1143 1097 1205 qua
1119 1142 1155 1184 re
1179 1119 1255 1183 vide

183 1229 280 1293 etiam
305 1250 403 1312 supra
426 1223 587 1312 pg.196).

245 1460 249 1472 ’
273 1441 365 1520 Quae
387 1441 470 1504 ratio
494 1441 581 1504 inter
604 1451 782 1506 structuras
807 1443 842 1505 Π
866 1453 899 1506 et
920 1441 974 1505 ΙΙΙ
998 1441 1197 1505 intercedat:

272 1548 353 1613 Cum
389 1548 607 1632 condiciones,
641 1548 758 1634 quibus
786 1549 848 1613 bae
879 1549 963 1613 duae
992 1549 1149 1614 orationis
1179 1571 1253 1613 eon-

182 1656 389 1720 formationes
406 1670 495 1720 ortae
508 1657 582 1738 sint,
608 1666 642 1720 ut
653 1658 719 1720 iam
736 1657 954 1741 exposuimus,
973 1657 1091 1742 partim
1109 1657 1254 1738 eaedem,

182 1764 299 1848 partim
329 1763 413 1827 aliae
441 1764 571 1846 fuerint,
603 1765 749 1849 sequitur
777 1765 971 1846 necessario,
1002 1774 1037 1828 nt
1060 1765 1146 1828 inter
1169 1765 1255 1848 ipsas

183 1881 215 1934 et
238 1870 467 1935 similitudines
492 1872 557 1935 sint
580 1881 612 1934 et
635 1871 929 1935 dissimilitudines:
1002 1903 1004 1907 ·

271 1977 461 2044 Structurae
489 1978 523 2041 II
554 1979 756 2064 exemplum:
792 2001 902 2064 quem
932 2001 1015 2043 cum
1046 1978 1159 2042 multi
1187 1980 1255 2042 im-

182 2086 377 2170 pedirent,
395 2088 556 2151 restitit.

271 2193 460 2259 Structurae
477 2194 529 2258 Ill
546 2194 747 2278 exemplum:
772 2217 882 2280 quam
900 2196 931 2259 si
948 2194 1253 2280 explicavisset,

181 2323 252 2364 non
277 2310 425 2366 tantum
449 2302 677 2367 haesitaret.

270 2408 361 2472 Inter
376 2409 434 2473 bas
451 2418 630 2474 structuras
648 2432 711 2474 una
729 2409 854 2474 tantum
879 2418 927 2474 cst
951 2407 1127 2473 similitudo
1152 2429 1253 2492 eaque

182 2538 257 2580 sane
281 2517 392 2600 magni
416 2517 585 2581 momenti:
623 2518 656 2580 in
681 2526 820 2600 utraque
844 2519 986 2581 occurrit
1009 2516 1253 2599 comprehensio

182 2646 263 2708 quae
293 2632 422 2688 constat
451 2646 493 2687 ex
523 2624 690 2688 enuntiato
715 2623 853 2687 relativo
879 2623 965 2708 quod
990 2625 1199 2708 anteponitur
1222 2635 1254 2686 ct

181 2730 267 2810 qnod
291 2730 341 2795 bis
365 2731 487 2816 pendet
510 2743 543 2795 et
567 2732 734 2795 enuntiato
758 2731 912 2815 primario
937 2729 1024 2815 quod
1048 2730 1255 2814 subsequitur

182 2848 213 2901 et
229 2838 316 2923 quod
332 2861 397 2903 non
414 2861 472 2918 per
488 2861 522 2903 se
539 2839 597 2903 sed
616 2861 674 2923 per
690 2839 893 2902 enuntiatum
917 2837 1089 2902 relativum
1115 2836 1253 2901 relative

181 2968 254 3009 cum
278 2945 549 3010 antecedentibus
574 2956 632 3010 aut
655 2946 865 3030 sequentibus
889 2946 1107 3030 coniungitur.

271 3053 337 3119 Sed
366 3054 487 3138 pariter
515 3056 626 3139 magni
655 3064 704 3119 est
732 3055 888 3118 momenti
911 3053 954 3136 id,
985 3053 1072 3138 quod
1096 3053 1252 3118 dissimile

181 3170 243 3242 est3
274 3160 375 3247 idque
402 3184 467 3225 non
498 3161 601 3226 solum
625 3162 667 3225 ad
692 3184 821 3226 sensum
847 3162 903 3226 sed
928 3162 1026 3225 etiam
1050 3161 1091 3225 ad
1108 3161 1252 3224 'formam

181 3269 312 3350 attinet3
340 3278 537 3353 quapropter
560 3291 624 3332 non
649 3279 737 3333 recte
762 3268 891 3353 quidam
915 3268 1072 3351 iudicant,
1097 3268 1252 3331 cumbas

180 3375 261 3440 duas
282 3385 462 3441 structuras
486 3400 617 3460 prorsus
641 3377 763 3441 similes
786 3376 918 3442 habent.

271 3482 434 3562 Quantum
459 3483 501 3548 ad
526 3507 656 3549 sensum
680 3486 835 3569 pertinet:

269 3590 309 3654 In
336 3601 499 3656 structura
523 3592 558 3655 H
587 3593 676 3656 notio
705 3591 835 3655 relativi
866 3593 898 3655 in
923 3600 1059 3676 utroque
1084 3591 1251 3654 enuntiato

180 3698 322 3762 occurrit
350 3720 424 3762 cum
453 3700 485 3762 in
518 3709 573 3762 etr,
599 3700 652 3763 ΠΙ
683 3708 809 3763 tantum
837 3700 870 3762 in
902 3700 1068 3762 enuntiato
1096 3697 1250 3782 relatir03

180 3827 223 3868 ex
239 3827 304 3889 qua
318 3828 354 3870 re
370 3816 548 3891 sequuntur
564 3806 625 3871 hae
643 3804 934 3888 dissimilitudines
960 3828 1043 3890 quae
1059 3804 1101 3868 ad
1113 3805 1249 3867 formam

180 3925 343 3998 spectant:

270 4022 300 4084 1.
325 4020 365 4084 In
382 4030 545 4086 structura
561 4021 596 4085 ΙΙ
612 4011 754 4086 occurrit
770 4044 866 4106 saepe
884 4021 1176 4084 demonstrativum
1196 4018 1251 4082 vel

179 4128 360 4214 personale,
368 4129 454 4215 quod
467 4129 605 4194 eandem
618 4131 782 4194 notionem
793 4129 948 4215 exprimit
955 4137 1052 4212 atque
1061 4126 1249 4192 relativum:
