2866 4762
607 269 815 333 -94-

375 461 398 494 a.
418 441 585 512 Exprimitur
602 442 630 494 in
650 441 789 496 enuntiato
808 441 949 512 primario:

268 550 296 602 p.
309 530 390 584 Rose.
405 532 437 584 A.
456 530 504 584 33:
523 548 585 600 quos
603 531 776 601 quierem-one
791 547 841 601 per
853 531 1055 601 compositionem
1071 531 1179 598 volebat,
1198 533 1252 602 ipse

179 621 212 673 nb
232 621 262 672 iis
282 621 444 691 interemptus
461 626 505 672 est.

374 709 401 762 b.
420 709 483 762 Non
505 707 674 779 exprimitur:

268 797 296 850 in
309 797 369 852 Cat.
382 796 408 850 II
421 798 451 851 5:
476 797 564 867 quibus
576 814 621 866 epo
640 813 690 848 non
708 797 782 849 modo
794 798 816 848 si
828 798 908 849 ocimu
920 799 1045 851 exerc-itus
1056 805 1145 863 nostri,
1164 814 1252 851 verrem

178 891 253 939 «torm
273 888 297 939 si
315 887 424 940 edietum
439 888 571 957 praetoris
589 886 729 939 ostendero.
748 887 887 940 concident.

267 1062 451 1117 Pronomen
471 1062 649 1116 relativum
668 1069 810 1133 spectet:

182 1164 205 1213 1.
225 1160 269 1213 Ao
289 1179 321 1214 en
340 1179 409 1231 quau
427 1160 593 1231 praecedunt
611 1168 692 1231 atque
711 1159 792 1214 habet
811 1160 877 1213 vim:

323 1269 347 1303 a.
368 1250 567 1305 correlativam:

267 1339 301 1392 de
320 1358 349 1392 re
368 1358 393 1409 p.
415 1338 427 1391 I
446 1339 476 1393 7:
503 1338 531 1392 Is
553 1340 619 1392 enim
636 1340 752 1408 suerum.
782 1341 823 1392 oni
845 1358 900 1392 curn
925 1341 1010 1393 liceret
1029 1349 1074 1393 out
1092 1341 1202 1392 ormiores
1219 1356 1251 1392 eor

179 1429 228 1481 otio
247 1428 354 1496 fructus
372 1445 466 1499 <opere
485 1447 561 1498 quom
580 1430 695 1482 ceteris.
741 1447 833 1483 .non
851 1429 1017 1482 dubitaverim
1037 1447 1074 1482 me
1096 1469 1102 1481 .
1122 1469 1129 1481 .
1149 1437 1252 1500 tempes-

180 1518 240 1570 tati!
220 1535 299 1570 i.›us
320 1518 472 1571 ..obuium
485 1518 607 1586 ferreet
620 1536 645 1588 q.
660 1537 680 1571 s

321 1606 347 1659 b.
366 1606 519 1660 relativam:

268 1713 307 1748 or.
321 1714 343 1748 c.
358 1714 378 1748 s.
393 1713 432 1766 gr.
446 1713 487 1767 eg.
501 1696 548 1750 23:
568 1696 628 1749 Non
647 1705 683 1749 est
701 1698 749 1749 mei
767 1697 887 1768 temporis
898 1698 1008 1749 iniurius
1021 1696 1168 1766 sueruins'sse,
1188 1714 1251 1766 quos

177 1803 222 1855 epo
241 1785 318 1837 otium
335 1785 359 1838 si
375 1785 465 1838 uleisei
480 1803 585 1856 possem,
605 1793 689 1838 tamen
708 1786 821 1838 obliuisci
837 1786 945 1839 mollem

322 1873 542 1928 etdemoustra
524 1881 618 1927 trivam

268 1962 369 2016 donet
384 1962 409 2016 d.
423 1963 509 2018 1162:
530 1980 637 2033 quorum
656 1972 883 2016 ouiunemoneren
902 1965 1006 2017 animi.
1053 1964 1252 2032 medium

180 2052 269 2104 habiit

177 2140 202 2193 2.
223 2140 266 2194 Ad
286 2158 406 2211 eaquae
426 2149 586 2212 sequuntur:

267 2249 294 2299 p.
312 2229 391 2283 Balb.
405 2230 451 2284 33:
472 2230 512 2283 De
534 2231 624 2301 quibus
641 2232 721 2303 ipitor
740 2233 838 2285 etiamsi
859 2234 941 2284 lotum
959 2239 1022 2284 esset
1040 2249 1155 2302 nequem
1173 2232 1251 2284 ciuem

177 2320 352 2390 reciperemus,
372 2328 456 2371 tomen
468 2319 497 2371 io
507 2328 578 2385 esset,
597 2322 665 2389 quod
676 2328 767 2392 posteo
775 2322 887 2392 populus
900 2322 1017 2387 iussisset,
1035 2329 1122 2373 notum
1134 2339 1180 2374 nee
1193 2360 1199 2372 .
1213 2360 1220 2372 .
1235 2359 1250 2386 .‚

178 2408 208 2460 de
226 2408 258 2460 iis
281 2425 337 2460 oum
351 2408 464 2478 populus
486 2407 617 2461 Romanus
643 2410 708 2462 nihil
730 2428 849 2480 umquam
872 2411 980 2476 iusserit,
1010 2409 1148 2480 quidquam
1172 2410 1251 2463 nudos

178 2496 261 2549 (tienne
279 2504 470 2549 sacrosanctum
483 2496 585 2564 suisset

214 2584 367 2661 Reintivum
386 2584 507 2656 fungitur
525 2605 635 2640 munere
654 2587 789 2640 attributi:

270 2674 297 2726 in
311 2674 370 2729 Cat.
384 2673 411 2726 II
430 2675 477 2728 21:
498 2676 541 2744 qui
554 2676 664 2729 hominos
681 2677 826 2746 prunumsi
844 2685 913 2729 stone
927 2695 978 2729 non
992 2684 1107 2748 possunt,
1128 2686 1251 2730 corruunt

217 2772 264 2816 aut
282 2763 414 2818 adverbii:

269 2853 303 2907 de
322 2854 367 2906 fin.
387 2853 426 2906 ΙΙΙ
446 2856 474 2907 7:
495 2855 549 2917 Quo
568 2874 622 2907 eum
641 2857 769 2921 venissem,
789 2855 827 2908 M.
843 2853 962 2908 Catonem
980 2895 986 2907 .
1007 2895 1013 2907 .
1033 2856 1086 2908 vion·
1104 2861 1132 2908 et
1144 2872 1169 2925 q.
1184 2873 1205 2908 s.

213 2942 279 2997 Post
298 2942 439 2996 relativum
459 2943 573 2998 alterum
592 2944 745 2998 relativum:

178 3132 289 3184 timii-om
311 3131 432 3184 intorsisset
451 3171 477 3182 ..
498 3133 535 3184 oit
557 3133 611 3195 itle;
631 3132 665 3186 de
683 3133 729 3184 fin.
748 3131 775 3184 Π
794 3131 822 3184 2:
844 3133 956 3203 Quirinos
969 3151 1024 3186 eum
1037 3151 1053 3184 o
1067 3131 1250 3202 posterioribus

178 3238 225 3272 non
250 3227 312 3272 esset
334 3227 457 3274 retentus.
482 3221 612 3274 Arcesilas
636 3239 692 3273 eum
713 3222 841 3275 renouauit
861 3231 888 3275 et
907 3240 932 3292 q.
953 3241 973 3276 s.
999 3228 1026 3275 et
1044 3220 1179 3292 permulta
1198 3220 1250 3273 elie

179 3311 299 3365 eiusdem
319 3311 425 3381 generis
446 3312 577 3382 exempla.

267 3400 349 3454 Notio
364 3400 531 3469 pronominis
546 3401 651 3455 relativi
666 3408 757 3472 potest
769 3402 882 3472 exprimi
894 3401 921 3453 in
933 3401 1071 3455 enuntiato
1080 3401 1208 3471 primario
1222 3400 1248 3453 in

178 3490 341 3550 ommonem
363 3507 432 3558 quae
453 3489 570 3559 quidem,
591 3509 651 3544 oum
665 3491 721 3544 eius
735 3509 812 3544 ossus
826 3498 867 3545 est
884 3490 1065 3544 nominativus
1081 3498 1128 3544 aut
1142 3508 1250 3544 aecusa-

177 3583 256 3649 tivus,
276 3601 330 3636 non
352 3583 464 3652 exprimi
485 3582 563 3650 solet,
583 3583 630 3637 sed
645 3591 735 3637 tumen
749 3583 907 3654 exprimitur
919 3600 1033 3652 semper,
1053 3600 1113 3635 eum
1127 3580 1248 3635 confusio

180 3671 242 3724 oriri
271 3671 358 3741 possit
387 3678 433 3724 aut
462 3689 522 3724 oum
542 3673 660 3743 graviter
683 3672 798 3726 dicenda
822 3679 871 3726 est.
891 3703 923 3710 -
943 3671 985 3724 Ex
1004 3689 1057 3741 quo
1082 3669 1185 3723 exstitit
1202 3669 1249 3723 illo

178 3758 369 3826 conformatio,
402 3760 429 3812 in
454 3779 507 3831 qua
530 3762 605 3816 notio
629 3762 743 3828 relativi,
771 3780 826 3815 non
854 3761 1012 3832 pronomine
1037 3758 1248 3814 demonstrativo

178 3847 226 3900 sed
245 3848 352 3902 nomine
373 3849 542 3904 substantivo
562 3851 621 3920 ipso
642 3851 811 3920 exprimitur:

268 3936 301 3989 de
321 3937 393 3992 dom.
413 3939 462 3992 15:
494 3948 672 3992 oouunutotom
703 3957 832 3991 erumnam
862 3957 913 3992 esse
942 3938 1074 3991 dirimunt:
1106 3955 1170 4007 quoe
1189 3936 1249 4006 quio

176 4041 265 4078 rursus
292 4027 316 4077 in
347 4045 399 4079 uteo
427 4029 511 4080 reditu
534 4028 613 4096 sueto
644 4037 700 4080 erot
724 4029 826 4095 durior,
850 4046 866 4079 o
890 4046 940 4087 ιιιι,
964 4028 1034 4080 errius
1058 4026 1169 4079 adventu
1187 4025 1250 4094 sore

178 4114 299 4167 uilitatem
318 4116 376 4167 boni
394 4119 446 4169 oiri
464 4118 626 4185 dictitabunt,
646 4134 749 4168 orereonu
762 4117 943 4186 flopitobotur.
