2866 4762
619 272 817 334 ..9-

182 450 246 515 nisi
270 450 490 515 diversissime
521 450 636 514 dehis
660 450 831 514 structuris
855 448 943 512 viros
967 447 1079 512 doctos
1115 452 1254 513 sensisse

182 556 330 622 indicare
364 557 524 639 volumus,
561 557 689 621 silentio
725 557 950 642 praeterimus.
983 589 1021 598 —
1047 555 1166 641 Itaque
1191 578 1255 619 non

182 666 302 729 mirum
331 665 358 728 si
390 665 454 729 illis
481 664 691 749 opinionibus
714 662 869 757 perlectis
891 685 943 727 res
967 663 1039 748 ipsa
1062 664 1162 727 etiam
1186 672 1255 727 tum

183 771 278 836 nobis
302 782 372 836 erat
396 772 537 852 incerta3
568 794 644 836 nam
668 772 797 835 diverse
821 792 882 835 nec
907 770 1051 835 dilucide
1074 793 1135 836 neo
1159 771 1255 856 plene

183 900 244 943 neo
269 887 422 943 accurate
446 879 615 964 expositae
643 887 753 959 erant,
788 878 908 942 deinde
937 877 1053 942 iisdem
1080 878 1257 961 diligenter

184 986 399 1051 consideratis
415 995 448 1050 ct
463 986 631 1071 perpensis
647 985 742 1050 nobis
758 1007 950 1071 persuasum
967 994 1017 1049 est
1033 985 1120 1049 viros
1143 986 1256 1050 doctos

184 1093 224 1157 de
248 1093 313 1157 illis
337 1093 508 1157 structuris
532 1115 652 1176 magna
676 1115 718 1156 ex
742 1104 835 1178 parte
858 1114 923 1156 non
946 1105 1036 1156 recte
1060 1092 1254 1177 disputasse.

274 1199 447 1280 Quocirca,
472 1221 546 1264 cum
570 1200 611 1263 ds
635 1222 674 1264 ea
697 1222 732 1263 re
756 1199 836 1285 quid
859 1208 945 1263 esset
965 1221 1080 1263 verum
1103 1209 1256 1264 accurate

183 1309 266 1372 scire
301 1307 461 1371 vellemus
496 1317 529 1370 et
563 1328 638 1376 cum
674 1307 708 1371 id
742 1308 850 1392 ipsum
878 1328 996 1392 operae
1020 1308 1161 1391 pretium
1186 1329 1256 1371 esse

182 1424 383 1501 putaremus,
408 1414 501 1479 nobis
525 1415 753 1499 proposuimus
777 1423 813 1478 ut
837 1413 968 1478 easdem
985 1423 1166 1478 structuras
1183 1413 1255 1478 dili-

183 1530 299 1606 genter
322 1522 560 1607 inquireremus
584 1530 627 1604 et,
652 1522 680 1584 si
704 1522 918 1604 contingeret,
955 1520 1135 1606 explanare
1159 1543 1255 1585 cona-

183 1651 303 1712 remur,
327 1651 412 1714 quae
437 1638 522 1693 essct
546 1650 657 1692 earum
681 1640 798 1693 natura
822 1637 854 1692 et
876 1629 970 1693 ratio.

274 1737 356 1800 Rem
384 1744 494 1800 autem
525 1736 725 1821 propositam
753 1736 886 1819 dignam
914 1757 986 1799 esse
1013 1757 1098 1821 quae
1126 1736 1257 1820 perqui-

182 1854 283 1926 ratur,
321 1853 357 1908 ut
392 1843 539 1907 breviter
573 1842 787 1919 declaremus,
823 1843 904 1906 haec
939 1850 1067 1907 tantum
1103 1842 1256 1906 dicimus:

184 1951 267 2016 illud
303 1950 429 2036 duplici
462 1951 666 2036 potissimum
701 1951 827 2013 ratione
863 1959 912 2013 est
945 1951 1056 2033 magni
1081 1951 1256 2041 momenti:

184 2059 335 2144 primum,
355 2058 442 2143 quod
456 2080 494 2122 eo
507 2058 731 2143 quaestionem
746 2057 994 2141 grammaticam
1011 2056 1138 2121 solvere
1155 2065 1257 2141 temp-

183 2177 291 2232 tamus
315 2176 348 2230 et
370 2166 549 2248 difficilem,
575 2175 608 2231 et
632 2166 674 2231 ad
698 2166 852 2230 orationis
869 2166 1141 2230 conformationes
1165 2188 1258 2250 spec·

184 2285 320 2358 tantem,
346 2297 430 2360 quae
454 2273 611 2338 latissime
635 2283 750 2359 patent
774 2282 806 2337 et
830 2275 973 2337 maxime
998 2283 1094 2357 aptae
1118 2282 1194 2337 sunt
1216 2273 1259 2338 ad

183 2382 328 2448 indolem
351 2382 509 2446 sermonis
537 2382 648 2446 Latini
683 2380 926 2460 illustrandam,
961 2403 1037 2446 nam
1069 2403 1132 2444 non
1163 2403 1257 2466 prac-

183 2489 379 2555 tereundum
408 2499 458 2554 cst
486 2512 541 2554 cas
570 2502 635 2554 tres
666 2499 846 2555 structuras
882 2489 1062 2553 arctissime
1088 2511 1158 2552 esse
1184 2511 1259 2553 con-

185 2599 314 2662 iunctas
338 2620 412 2661 cum
437 2598 628 2682 pronomine
644 2597 782 2661 relativo
799 2598 834 2660 in
855 2597 1056 2679 universum,
1082 2596 1169 2682 quod
1186 2618 1259 2681 pro-

184 2727 302 2770 nomen
337 2727 432 2769 nemo
467 2706 572 2768 nescit
607 2713 766 2790 quantum
800 2705 835 2768 in
864 2704 920 2767 illo
945 2726 1093 2778 sermone
1117 2703 1160 2768 ad
1184 2725 1260 2767 con-

184 2813 388 2877 formandam
401 2813 581 2876 orationsm
594 2811 785 2892 contulerit3
799 2811 918 2876 deinde
931 2811 1046 2875 eadem
1058 2812 1259 2896 quaestione,

184 2921 282 3007 plane
307 2929 339 2985 et
361 2930 451 2984 recte
475 2920 618 3004 cognita,
654 2919 752 2982 etiam
787 2919 829 2982 ad
860 2917 1101 2982 emendandum
1134 2917 1261 3002 aliquid

185 3029 301 3114 profici
324 3036 446 3112 potest:
472 3027 605 3090 fuerunt
629 3027 714 3090 enim
739 3027 805 3110 qui,
831 3047 904 3089 cum
925 3033 1076 3088 naturam
1093 3035 1260 3088 construc-

186 3137 312 3200 tionum
336 3136 353 3198 I
374 3144 407 3199 et
426 3135 461 3198 Π
484 3156 549 3198 non
566 3143 655 3199 recte
671 3134 926 3219 perspexissent,
952 3133 1148 3197 auctoritate
1172 3132 1260 3196 codi-

186 3266 262 3308 cum
285 3253 483 3328 contempta,
508 3243 681 3307 lectionem
705 3241 860 3306 traditam
877 3251 909 3305 et
926 3240 968 3305 ab
986 3249 1123 3304 auctore
1140 3240 1260 3304 Latino

185 3351 366 3437 profectam
401 3351 521 3414 iniuria
555 3358 735 3431 mutarent3
775 3349 863 3434 apud
899 3348 1092 3412 Ciceronem
1127 3369 1261 3432 perraro

183 3457 267 3522 tales
291 3458 353 3522 loci
378 3466 551 3538 occurunt3
577 3457 761 3542 dequibus
786 3457 827 3520 ad
852 3465 980 3540 tempus
1006 3454 1261 3539 disputabimus

274 3567 348 3630 Hoc
372 3566 548 3651 proposito,
576 3566 718 3651 primum
747 3572 900 3628 accurate
925 3563 1154 3647 indagavimus
1178 3584 1258 3647 quas

185 3673 459 3738 conformationes
494 3671 675 3757 praebeant
710 3670 799 3757 apud
832 3669 1025 3734 Ciceronem
1060 3678 1126 3733 tres
1158 3679 1262 3732 struc-

183 3791 277 3846 turae
294 3780 470 3866 dequibus
490 3781 617 3863 agimus
634 3789 666 3843 et
690 3778 809 3863 quibus
834 3776 1030 3860 exlegibus
1055 3776 1096 3840 ab
1122 3775 1178 3840 illo
1203 3774 1260 3839 ad-

102 3876 103 3881 *
183 3888 375 3968 hibeantur3
400 3888 499 3973 idque
524 3888 624 3951 etiam
648 3909 685 3950 eo
711 3886 846 3950 consilio
871 3884 1082 3966 instituimus,
1116 3894 1164 3966 ut,
1203 3905 1264 3947 usu

184 3996 339 4061 Tulliano
358 3996 498 4079 cognit0,
523 3995 550 4058 si
566 3995 638 4058 fieri
654 4002 773 4079 posset,
798 3992 997 4077 generaliter
1021 3992 1091 4055 eius
1108 4000 1263 4054 naturam

183 4105 219 4168 in
243 4125 391 4168 sermone
407 4102 526 4166 Latino
551 4123 803 4186 exponeremus3
828 4099 917 4185 quod
942 4108 978 4163 ut
1003 4119 1260 4183 assequeremur,
