2866 4762
517 296 748 360 —151—

237 467 319 522 item:
338 487 364 538 p.
383 467 453 522 Mur.
473 469 507 522 15
535 470 594 537 (quo
617 470 671 522 loco
690 470 736 534 si)‚·
765 467 1038 537 adfam.1V14‚a
1067 469 1166 537 (quibua

164 559 211 626 ci);
230 557 264 611 de
282 565 336 612 nat.
358 558 384 611 d.
398 558 410 610 I
424 559 458 613 70
478 562 506 624 (a
525 559 613 627 quibua
631 561 709 624 cnrrn);
734 558 767 612 de
786 557 839 629 leg.
858 557 884 610 Π
903 559 938 612 40
958 560 999 624 (de
1023 575 1071 627 quo
1090 560 1164 634 creon).

183 662 232 726 Et
256 661 430 726 eiusdem
455 674 491 725 et
515 661 679 726 diversi:
753 731 755 736 ¹

182 769 398 854 Participium
421 790 480 853 pro
504 769 606 833 verbo
629 769 738 834 finito:

183 877 280 940 Tuso.
299 876 330 940 d.
350 875 378 939 V
396 876 430 939 8:
456 877 483 937 A
508 876 622 960 quibua
638 877 727 939 ducti
745 877 892 960 deincepe
916 897 1032 953 omnco,
1059 876 1166 959 quiin

93 1007 199 1048 rerum
211 985 472 1068 contemplatione
483 985 590 1047 atudia
603 983 774 1068 ponebant,
791 986 947 1068 cupienter
965 994 993 1045 et
1009 981 1165 1045 nabebun-

94 1104 145 1155 tur
168 1104 197 1155 et
215 1089 464 1153 nominabantur
478 1091 574 1174 idque
595 1112 702 1153 eorum
722 1113 835 1153 nomen
854 1111 953 1174 uoque
977 1090 1021 1152 ad
1043 1088 1165 1172 Pycte-

92 1221 190 1284 9orae
212 1199 355 1260 manauit
370 1209 520 1277 aetatem,
546 1219 651 1281 quem,
681 1209 716 1261 ut
744 1197 853 1260 scribit
876 1199 1005 1261 auditor
1028 1205 1060 1260 et
1083 1217 1114 1280 q.
1140 1217 1165 1258 s.

93 1341 270 1407 Protasis
298 1340 575 1425 complectitur
610 1342 814 1404 enuntiate
849 1349 886 1404 et
921 1339 1093 1404 eiusdem
1128 1347 1167 1401 et

184 1448 336 1512 diversi
359 1447 521 1530 ordinis,
547 1447 712 1532 epodosis:

183 1563 372 1627 Eiusdem
396 1563 559 1629 ordinis:

172 1670 227 1734 Ex
251 1671 493 1735 constructione
517 1670 658 1756 quadam
683 1680 865 1735 structurae
890 1670 906 1733 I
931 1669 1035 1733 velut:

173 1778 230 1842 De
244 1778 400 1863 quibus,
412 1786 453 1841 ut
465 1779 592 1842 meriti
605 1787 707 1860 sunt,
721 1777 1166 1862 graviterconstituitis,

98 1895 205 1971 potest
232 1885 396 1949 interdum
425 1884 521 1949 huius
549 1886 679 1969 generis
706 1893 870 1949 structura
894 1885 1061 1965 exsistere,
1092 1904 1165 1946 cum

95 2002 162 2057 tota
186 1992 433 2077 comprehensio
459 1993 515 2074 eis,
541 2015 625 2077 quae
649 2000 840 2077 sequuntur,
866 1990 1093 2074 subiungitur:

183 2107 225 2171 ed
249 2108 325 2171 fam.
352 2107 421 2170 XII
447 2106 498 2190 15,
524 2108 559 2171 6:
595 2108 647 2170 Dc
676 2108 800 2192 quibua,
829 2111 859 2170 ai
880 2106 969 2170 nobie
997 2105 1164 2184 uidebitur,

42 2268 45 2273 .
94 2217 132 2294 oi,
161 2227 198 2279 ut
223 2216 330 2278 meriti
360 2226 443 2294 cunt,
478 2218 621 2298 orauiter
654 2216 877 2279 constitueritia
912 2236 1031 2298 noeque
1062 2225 1166 2276 uestra

94 2323 505 2407 auctoritatefirmaoeritia,
514 2321 653 2404 facilius
670 2323 838 2406 etreliqua
855 2325 977 2406 eaiqere
997 2321 1166 2406 aectiyatia

97 2443 124 2493 et
146 2443 256 2494 euacta
280 2452 406 2493 seruare
428 2431 611 2514 poterimua.

184 2555 347 2618 Diversi
371 2554 535 2618 ordinis:

184 2661 226 2725 ad
250 2661 327 2725 fam.
345 2660 394 2726 VI
410 2662 441 2744 4,
460 2661 496 2724 2:
521 2662 552 2724 A
569 2683 634 2746 qua
651 2665 801 2744 quoniam
818 2673 940 2725 tantum
956 2661 1115 2736 absumus,
1134 2673 1169 2723 ut

94 2775 188 2836 etiam
211 2774 327 2858 optimc
350 2775 548 2853 cencerimuo,
579 2784 767 2857 eventusque
790 2776 893 2857 maqia
915 2774 1019 2835 nostri
1041 2772 1169 2833 concilii

96 2902 191 2964 quam
226 2880 393 2942 concilium
425 2879 676 2964 reprehendatur
704 2892 733 2943 et
762 2881 913 2964 qnoniam
941 2880 1165 2962 procedamus,

96 2989 182 3071 quod
203 2987 377 3067 debuimue,
402 2989 572 3067 moderate,
598 2990 683 3072 quod
706 2990 815 3063 euenit,
832 2987 992 3070 feramur.

201 3079 284 3134 Item:
303 3080 337 3133 ad
356 3080 419 3132 fam.
439 3080 490 3132 XV
510 3081 534 3147 2,
554 3080 571 3134 3
591 3082 649 3151 (quo
669 3100 725 3135 curu
744 3082 769 3133 iu
791 3082 864 3148 loco).

185 3184 306 3247 Forma
329 3207 349 3246 a
369 3182 404 3265 (b
418 3207 426 3247 ι
441 3179 501 3258 Α);

186 3289 242 3354 Or.
269 3290 436 3354 inm-De
464 3312 527 3375 quo
558 3313 630 3354 cum
658 3292 737 3355 miiu'
763 3293 910 3376 deinceps
938 3292 1075 3354 uiderem
1104 3311 1168 3352 ecee

96 3391 275 3469 dicendum,
300 3391 359 3452 etsi
372 3388 537 3452 mouebant
551 3393 617 3452 iam
633 3413 681 3452 me
696 3391 766 3471 itta,
792 3413 873 3475 quae
893 3412 993 3475 cupra
1010 3391 1165 3467 dicerem,

98 3500 200 3550 tamen
222 3489 275 3565 iic,
301 3509 382 3570 quae
404 3500 588 3572 sequuntur,
612 3489 824 3573 perturbabar
846 3492 957 3574 mania.

96 3671 354 3747 Enuntiatum
382 3683 593 3747 relativum
622 3692 682 3748 est
709 3685 972 3768 interrogatio
1000 3682 1167 3768 obliqua

299 3802 366 3855 aut
389 3793 636 3856 enuntiatum
661 3792 964 3857 substantivum.

184 3908 402 3972 Enuntiatum
427 3908 671 3973 substantivum
695 3919 773 4001 est:

184 4015 416 4080 Subiectum
441 4016 634 4080 enuntiati
657 4018 857 4101 primarii:

184 4145 215 4207 p.
234 4121 364 4187 Cluent.
385 4123 465 4188 158:
490 4146 555 4208 qua
570 4147 654 4186 nunc
677 4138 712 4188 ut
734 4136 808 4187 utar
826 4175 831 4188 .
848 4173 854 4187 .
870 4175 876 4189 .
893 4146 959 4188 non
975 4124 1165 4189 conceditur.
