<?xml version="1.0" encoding="UTF-8"?>
<!DOCTYPE html PUBLIC "-//W3C//DTD XHTML 1.0 Transitional//EN"
    "http://www.w3.org/TR/xhtml1/DTD/xhtml1-transitional.dtd">
<html xmlns="http://www.w3.org/1999/xhtml" xml:lang="en" lang="en">
 <head>
  <title>
</title>
<meta http-equiv="Content-Type" content="text/html;charset=utf-8" />
  <meta name='ocr-system' content='tesseract 3.04.00' />
  <meta name='ocr-capabilities' content='ocr_page ocr_carea ocr_par ocr_line ocrx_word'/>
</head>
<body>
  <div class='ocr_page' id='page_1' title='image "./decomprehension00mihagoog_0195.png"; bbox 0 0 2866 4762; ppageno 0'>
   <div class='ocr_carea' id='block_1_1' title="bbox 600 318 833 381">
    <p class='ocr_par' dir='ltr' id='par_1_1' title="bbox 600 318 833 381">
     <span class='ocr_line' id='line_1_1' title="bbox 600 318 833 381; baseline -0.009 0"><span class='ocrx_word' id='word_1_1' title='bbox 600 318 833 381; x_wconf 81' lang='lat'>—190—</span> 
     </span>
    </p>
   </div>
   <div class='ocr_carea' id='block_1_2' title="bbox 183 457 1247 687">
    <p class='ocr_par' dir='ltr' id='par_1_2' title="bbox 183 457 1247 687">
     <span class='ocr_line' id='line_1_2' title="bbox 183 457 1247 581; baseline -0.003 -21"><span class='ocrx_word' id='word_1_2' title='bbox 183 496 349 581; x_wconf 82' lang='lat' dir='ltr'><strong>,Bildung</strong></span> <span class='ocrx_word' id='word_1_3' title='bbox 373 519 506 560; x_wconf 90' lang='lat' dir='ltr'><strong>unserer</strong></span> <span class='ocrx_word' id='word_1_4' title='bbox 529 495 662 580; x_wconf 90' lang='lat' dir='ltr'><strong>doppelt</strong></span> <span class='ocrx_word' id='word_1_5' title='bbox 697 494 905 579; x_wconf 74' lang='lat' dir='ltr'><strong>abbangigen</strong></span> <span class='ocrx_word' id='word_1_6' title='bbox 934 493 1029 559; x_wconf 78' lang='lat' dir='ltr'><strong>Sattze</strong></span> <span class='ocrx_word' id='word_1_7' title='bbox 1044 457 1247 558; x_wconf 23' lang='lat' dir='ltr'><strong>&#39;darbietetss</strong></span> 
     </span>
     <span class='ocr_line' id='line_1_3' title="bbox 183 597 452 687; baseline 0.004 -21"><span class='ocrx_word' id='word_1_8' title='bbox 183 602 246 687; x_wconf 90' lang='lat' dir='ltr'><strong>(op.</strong></span> <span class='ocrx_word' id='word_1_9' title='bbox 265 602 318 667; x_wconf 90' lang='lat' dir='ltr'><strong>all.</strong></span> <span class='ocrx_word' id='word_1_10' title='bbox 335 626 366 687; x_wconf 91' lang='lat' dir='ltr'><strong>p.</strong></span> <span class='ocrx_word' id='word_1_11' title='bbox 386 597 452 683; x_wconf 82' lang='lat'>15.)</span> 
     </span>
    </p>
   </div>
   <div class='ocr_carea' id='block_1_3' title="bbox 176 712 1250 1124">
    <p class='ocr_par' dir='ltr' id='par_1_3' title="bbox 176 712 1250 1124">
     <span class='ocr_line' id='line_1_4' title="bbox 268 712 1249 801; baseline -0.002 -18"><span class='ocrx_word' id='word_1_12' title='bbox 268 719 362 798; x_wconf 76' lang='lat' dir='ltr'><strong>Quod</strong></span> <span class='ocrx_word' id='word_1_13' title='bbox 375 720 402 782; x_wconf 87' lang='lat' dir='ltr'><strong>si</strong></span> <span class='ocrx_word' id='word_1_14' title='bbox 414 719 461 782; x_wconf 88' lang='lat' dir='ltr'><strong>ita</strong></span> <span class='ocrx_word' id='word_1_15' title='bbox 477 727 572 800; x_wconf 89' lang='lat' dir='ltr'><strong>esset,</strong></span> <span class='ocrx_word' id='word_1_16' title='bbox 598 718 625 781; x_wconf 89' lang='lat' dir='ltr'><strong>si</strong></span> <span class='ocrx_word' id='word_1_17' title='bbox 641 719 771 781; x_wconf 88' lang='lat' dir='ltr'><strong>omuino</strong></span> <span class='ocrx_word' id='word_1_18' title='bbox 794 712 1049 801; x_wconf 78' lang='lat' dir='ltr'><strong>(„tiberhaupt“)</strong></span> <span class='ocrx_word' id='word_1_19' title='bbox 1066 725 1249 781; x_wconf 81' lang='lat' dir='ltr'><strong>structurae</strong></span> 
     </span>
     <span class='ocr_line' id='line_1_5' title="bbox 176 823 1247 906; baseline 0 -18"><span class='ocrx_word' id='word_1_20' title='bbox 176 824 211 888; x_wconf 84' lang='grc' dir='ltr'><strong>ΙΙ</strong></span> <span class='ocrx_word' id='word_1_21' title='bbox 235 835 267 889; x_wconf 91' lang='lat' dir='ltr'><strong>et</strong></span> <span class='ocrx_word' id='word_1_22' title='bbox 290 826 342 889; x_wconf 92' lang='grc' dir='ltr'><strong>ΙΙΙ</strong></span> <span class='ocrx_word' id='word_1_23' title='bbox 377 826 440 890; x_wconf 90' lang='lat' dir='ltr'><strong>hac</strong></span> <span class='ocrx_word' id='word_1_24' title='bbox 476 825 632 888; x_wconf 90' lang='lat' dir='ltr'><strong>sermonis</strong></span> <span class='ocrx_word' id='word_1_25' title='bbox 666 824 777 889; x_wconf 88' lang='lat' dir='ltr'><strong>Latini</strong></span> <span class='ocrx_word' id='word_1_26' title='bbox 812 823 968 888; x_wconf 82' lang='lat' dir='ltr'>facultate</span> <span class='ocrx_word' id='word_1_27' title='bbox 1004 833 1093 888; x_wconf 86' lang='lat' dir='ltr'><strong>ortae</strong></span> <span class='ocrx_word' id='word_1_28' title='bbox 1128 834 1247 906; x_wconf 80' lang='lat' dir='ltr'><strong>essent,</strong></span> 
     </span>
     <span class='ocr_line' id='line_1_6' title="bbox 177 931 1250 1018; baseline 0.001 -23"><span class='ocrx_word' id='word_1_29' title='bbox 177 955 319 1017; x_wconf 88' lang='lat' dir='ltr'><strong>quonam</strong></span> <span class='ocrx_word' id='word_1_30' title='bbox 349 932 445 996; x_wconf 88' lang='lat' dir='ltr'><strong>modo</strong></span> <span class='ocrx_word' id='word_1_31' title='bbox 480 933 514 995; x_wconf 92' lang='lat' dir='ltr'><strong>in</strong></span> <span class='ocrx_word' id='word_1_32' title='bbox 549 931 638 995; x_wconf 87' lang='lat' dir='ltr'><strong>illam</strong></span> <span class='ocrx_word' id='word_1_33' title='bbox 674 931 863 1016; x_wconf 85' lang='lat' dir='ltr'><strong>explicandi</strong></span> <span class='ocrx_word' id='word_1_34' title='bbox 898 933 1057 996; x_wconf 89' lang='lat' dir='ltr'><strong>rationem</strong></span> <span class='ocrx_word' id='word_1_35' title='bbox 1089 931 1250 1018; x_wconf 88' lang='lat' dir='ltr'><strong>quadrant</strong></span> 
     </span>
     <span class='ocr_line' id='line_1_7' title="bbox 178 1037 1024 1124; baseline 0 -21"><span class='ocrx_word' id='word_1_36' title='bbox 178 1039 329 1124; x_wconf 86' lang='lat' dir='ltr'><strong>exempla</strong></span> <span class='ocrx_word' id='word_1_37' title='bbox 353 1049 590 1103; x_wconf 83' lang='lat' dir='ltr'><strong>structurarum</strong></span> <span class='ocrx_word' id='word_1_38' title='bbox 613 1038 648 1102; x_wconf 90' lang='lat' dir='ltr'><strong>II</strong></span> <span class='ocrx_word' id='word_1_39' title='bbox 673 1048 705 1102; x_wconf 91' lang='lat' dir='ltr'><strong>et</strong></span> <span class='ocrx_word' id='word_1_40' title='bbox 728 1038 790 1121; x_wconf 91' lang='lat' dir='ltr'><strong>III,</strong></span> <span class='ocrx_word' id='word_1_41' title='bbox 815 1037 922 1103; x_wconf 88' lang='lat' dir='ltr'><strong>velut:</strong></span> <span class='ocrx_word' id='word_1_42' title='bbox 1020 1065 1024 1072; x_wconf 61' lang='lat'>²</span> 
     </span>
    </p>
   </div>
   <div class='ocr_carea' id='block_1_4' title="bbox 178 1153 1252 1452">
    <p class='ocr_par' dir='ltr' id='par_1_4' title="bbox 178 1153 1252 1452">
     <span class='ocr_line' id='line_1_8' title="bbox 268 1153 1252 1239; baseline -0.001 -20"><span class='ocrx_word' id='word_1_43' title='bbox 268 1155 309 1219; x_wconf 89' lang='lat' dir='ltr'><strong>dc</strong></span> <span class='ocrx_word' id='word_1_44' title='bbox 327 1154 383 1219; x_wconf 93' lang='lat' dir='ltr'><strong>Or.</strong></span> <span class='ocrx_word' id='word_1_45' title='bbox 400 1155 418 1217; x_wconf 90' lang='grc'><strong>1</strong></span> <span class='ocrx_word' id='word_1_46' title='bbox 437 1154 517 1218; x_wconf 78' lang='lat'>128:</span> <span class='ocrx_word' id='word_1_47' title='bbox 567 1153 655 1233; x_wconf 79' lang='lat' dir='ltr'><strong>Quae</strong></span> <span class='ocrx_word' id='word_1_48' title='bbox 679 1157 762 1218; x_wconf 85' lang='lat' dir='ltr'><strong>caim</strong></span> <span class='ocrx_word' id='word_1_49' title='bbox 781 1156 980 1239; x_wconf 77' lang='lat' dir='ltr'><strong>riopulorum</strong></span> <span class='ocrx_word' id='word_1_50' title='bbox 994 1178 1101 1218; x_wconf 87' lang='lat' dir='ltr'><strong>rerum</strong></span> <span class='ocrx_word' id='word_1_51' title='bbox 1117 1158 1252 1237; x_wconf 79' lang='lat' dir='ltr'><strong>artifices</strong></span> 
     </span>
     <span class='ocr_line' id='line_1_9' title="bbox 178 1261 1252 1346; baseline 0 -21"><span class='ocrx_word' id='word_1_52' title='bbox 178 1263 306 1345; x_wconf 80' lang='lat' dir='ltr'><strong>empulo</strong></span> <span class='ocrx_word' id='word_1_53' title='bbox 321 1265 351 1325; x_wconf 83' lang='lat' dir='ltr'><strong>ai</strong></span> <span class='ocrx_word' id='word_1_54' title='bbox 364 1263 565 1325; x_wconf 73' lang='lat' dir='ltr'><strong>mediocriter</strong></span> <span class='ocrx_word' id='word_1_55' title='bbox 580 1262 690 1346; x_wconf 84' lang='lat' dir='ltr'><strong>adepti</strong></span> <span class='ocrx_word' id='word_1_56' title='bbox 703 1274 784 1341; x_wconf 79' lang='lat' dir='ltr'><strong>suot,</strong></span> <span class='ocrx_word' id='word_1_57' title='bbox 798 1261 990 1346; x_wconf 82' lang='lat' dir='ltr'><strong>probantur,</strong></span> <span class='ocrx_word' id='word_1_58' title='bbox 1012 1285 1048 1324; x_wconf 90' lang='lat' dir='ltr'><strong>eo</strong></span> <span class='ocrx_word' id='word_1_59' title='bbox 1064 1264 1131 1326; x_wconf 84' lang='lat' dir='ltr'><strong>uisi</strong></span> <span class='ocrx_word' id='word_1_60' title='bbox 1146 1265 1252 1326; x_wconf 87' lang='lat' dir='ltr'><strong>omuio</strong></span> 
     </span>
     <span class='ocr_line' id='line_1_10' title="bbox 180 1367 992 1452; baseline 0.001 -21"><span class='ocrx_word' id='word_1_61' title='bbox 180 1391 303 1432; x_wconf 79' lang='lat' dir='ltr'><strong>summo</strong></span> <span class='ocrx_word' id='word_1_62' title='bbox 326 1383 399 1432; x_wconf 78' lang='lat' dir='ltr'><strong>suut</strong></span> <span class='ocrx_word' id='word_1_63' title='bbox 421 1372 457 1431; x_wconf 87' lang='lat' dir='ltr'><strong>iu</strong></span> <span class='ocrx_word' id='word_1_64' title='bbox 481 1380 615 1447; x_wconf 86' lang='lat' dir='ltr'><strong>oratore,</strong></span> <span class='ocrx_word' id='word_1_65' title='bbox 639 1367 775 1452; x_wconf 84' lang='lat' dir='ltr'><strong>probari</strong></span> <span class='ocrx_word' id='word_1_66' title='bbox 796 1391 860 1431; x_wconf 81' lang='lat' dir='ltr'><strong>riou</strong></span> <span class='ocrx_word' id='word_1_67' title='bbox 882 1380 992 1452; x_wconf 83' lang='lat' dir='ltr'><strong>potest.</strong></span> 
     </span>
    </p>
   </div>
   <div class='ocr_carea' id='block_1_5' title="bbox 179 1483 1251 1670">
    <p class='ocr_par' dir='ltr' id='par_1_5' title="bbox 179 1483 1251 1670">
     <span class='ocr_line' id='line_1_11' title="bbox 269 1483 1251 1570; baseline 0.001 -21"><span class='ocrx_word' id='word_1_68' title='bbox 269 1485 311 1549; x_wconf 90' lang='lat' dir='ltr'><strong>de</strong></span> <span class='ocrx_word' id='word_1_69' title='bbox 327 1484 390 1568; x_wconf 87' lang='lat' dir='ltr'><strong>leg.</strong></span> <span class='ocrx_word' id='word_1_70' title='bbox 408 1485 443 1548; x_wconf 92' lang='grc' dir='ltr'>Π</span> <span class='ocrx_word' id='word_1_71' title='bbox 463 1484 519 1549; x_wconf 79' lang='lat'><strong>12:</strong></span> <span class='ocrx_word' id='word_1_72' title='bbox 557 1483 627 1564; x_wconf 78' lang='lat' dir='ltr'><strong>Quo</strong></span> <span class='ocrx_word' id='word_1_73' title='bbox 651 1487 682 1547; x_wconf 81' lang='lat' dir='ltr'><strong>oi</strong></span> <span class='ocrx_word' id='word_1_74' title='bbox 702 1487 814 1548; x_wconf 81' lang='lat' dir='ltr'><strong>civitae</strong></span> <span class='ocrx_word' id='word_1_75' title='bbox 837 1498 945 1549; x_wconf 88' lang='lat' dir='ltr'><strong>coreot</strong></span> <span class='ocrx_word' id='word_1_76' title='bbox 968 1537 975 1548; x_wconf 90' lang='lat'><strong>.</strong></span> <span class='ocrx_word' id='word_1_77' title='bbox 995 1536 1001 1548; x_wconf 93' lang='lat'><em>.</em></span> <span class='ocrx_word' id='word_1_78' title='bbox 1020 1535 1043 1565; x_wconf 90' lang='lat'><strong>.,</strong></span> <span class='ocrx_word' id='word_1_79' title='bbox 1066 1508 1127 1570; x_wconf 89' lang='lat' dir='ltr'><strong>pro</strong></span> <span class='ocrx_word' id='word_1_80' title='bbox 1152 1487 1251 1550; x_wconf 80' lang='lat' dir='ltr'><strong>oibilo</strong></span> 
     </span>
     <span class='ocr_line' id='line_1_12' title="bbox 179 1592 1009 1670; baseline -0.001 -15"><span class='ocrx_word' id='word_1_81' title='bbox 179 1592 324 1656; x_wconf 78' lang='lat' dir='ltr'><strong>hobeudo</strong></span> <span class='ocrx_word' id='word_1_82' title='bbox 349 1595 400 1670; x_wconf 80' lang='lat' dir='ltr'><strong>ait,</strong></span> <span class='ocrx_word' id='word_1_83' title='bbox 424 1594 460 1654; x_wconf 93' lang='lat' dir='ltr'><strong>id</strong></span> <span class='ocrx_word' id='word_1_84' title='bbox 483 1604 565 1655; x_wconf 78' lang='lat' dir='ltr'><strong>cotue</strong></span> <span class='ocrx_word' id='word_1_85' title='bbox 588 1593 819 1655; x_wconf 75' lang='lat' dir='ltr'><strong>numerandum</strong></span> <span class='ocrx_word' id='word_1_86' title='bbox 841 1594 875 1655; x_wconf 88' lang='lat' dir='ltr'><strong>iu</strong></span> <span class='ocrx_word' id='word_1_87' title='bbox 900 1593 1009 1657; x_wconf 76' lang='lat' dir='ltr'><strong>bouis?</strong></span> 
     </span>
    </p>
   </div>
   <div class='ocr_carea' id='block_1_6' title="bbox 174 1707 1254 2210">
    <p class='ocr_par' dir='ltr' id='par_1_6' title="bbox 174 1707 1254 2210">
     <span class='ocr_line' id='line_1_13' title="bbox 269 1707 1254 1794; baseline 0.002 -23"><span class='ocrx_word' id='word_1_88' title='bbox 269 1731 301 1794; x_wconf 90' lang='lat' dir='ltr'><strong>p.</strong></span> <span class='ocrx_word' id='word_1_89' title='bbox 319 1707 414 1772; x_wconf 86' lang='lat' dir='ltr'><strong>Balb.</strong></span> <span class='ocrx_word' id='word_1_90' title='bbox 432 1708 491 1772; x_wconf 84' lang='lat'><strong>33:</strong></span> <span class='ocrx_word' id='word_1_91' title='bbox 528 1709 578 1772; x_wconf 85' lang='lat' dir='ltr'><strong>Dc</strong></span> <span class='ocrx_word' id='word_1_92' title='bbox 606 1707 719 1793; x_wconf 81' lang='lat' dir='ltr'><strong>quibua</strong></span> <span class='ocrx_word' id='word_1_93' title='bbox 749 1710 849 1792; x_wconf 82' lang='lat' dir='ltr'><strong>ipitur</strong></span> <span class='ocrx_word' id='word_1_94' title='bbox 877 1711 971 1772; x_wconf 86' lang='lat' dir='ltr'><strong>etiam</strong></span> <span class='ocrx_word' id='word_1_95' title='bbox 999 1712 1029 1771; x_wconf 83' lang='lat' dir='ltr'><strong>si</strong></span> <span class='ocrx_word' id='word_1_96' title='bbox 1056 1709 1154 1772; x_wconf 86' lang='lat' dir='ltr'><strong>lotum</strong></span> <span class='ocrx_word' id='word_1_97' title='bbox 1178 1723 1254 1773; x_wconf 75' lang='lat' dir='ltr'><strong>earet</strong></span> 
     </span>
     <span class='ocr_line' id='line_1_14' title="bbox 178 1818 1254 1902; baseline 0 -22"><span class='ocrx_word' id='word_1_98' title='bbox 178 1839 218 1880; x_wconf 86' lang='lat' dir='ltr'><strong>oe</strong></span> <span class='ocrx_word' id='word_1_99' title='bbox 241 1839 332 1901; x_wconf 80' lang='lat' dir='ltr'><strong>quom</strong></span> <span class='ocrx_word' id='word_1_100' title='bbox 356 1819 453 1880; x_wconf 84' lang='lat' dir='ltr'><strong>ciuem</strong></span> <span class='ocrx_word' id='word_1_101' title='bbox 474 1819 693 1901; x_wconf 73' lang='lat' dir='ltr'><strong>reciperemur,</strong></span> <span class='ocrx_word' id='word_1_102' title='bbox 722 1828 825 1879; x_wconf 85' lang='lat' dir='ltr'><strong>tumeo</strong></span> <span class='ocrx_word' id='word_1_103' title='bbox 852 1818 889 1879; x_wconf 90' lang='lat' dir='ltr'><strong>id</strong></span> <span class='ocrx_word' id='word_1_104' title='bbox 915 1828 1001 1893; x_wconf 77' lang='lat' dir='ltr'><strong>esset,</strong></span> <span class='ocrx_word' id='word_1_105' title='bbox 1032 1819 1118 1901; x_wconf 81' lang='lat' dir='ltr'><strong>quod</strong></span> <span class='ocrx_word' id='word_1_106' title='bbox 1144 1830 1254 1902; x_wconf 82' lang='lat' dir='ltr'><strong>posteo</strong></span> 
     </span>
     <span class='ocr_line' id='line_1_15' title="bbox 174 1925 1253 2010; baseline 0 -23"><span class='ocrx_word' id='word_1_107' title='bbox 174 1925 317 2010; x_wconf 76' lang='lat' dir='ltr'><strong>populus</strong></span> <span class='ocrx_word' id='word_1_108' title='bbox 350 1926 500 2005; x_wconf 75' lang='lat' dir='ltr'><strong>iussisset,</strong></span> <span class='ocrx_word' id='word_1_109' title='bbox 534 1936 640 1986; x_wconf 85' lang='lat' dir='ltr'><strong>rutum</strong></span> <span class='ocrx_word' id='word_1_110' title='bbox 666 1946 723 1986; x_wconf 88' lang='lat' dir='ltr'><strong>uec</strong></span> <span class='ocrx_word' id='word_1_111' title='bbox 751 1973 851 2004; x_wconf 89' lang='lat'><strong>....,</strong></span> <span class='ocrx_word' id='word_1_112' title='bbox 882 1925 920 1986; x_wconf 93' lang='lat' dir='ltr'><strong>de</strong></span> <span class='ocrx_word' id='word_1_113' title='bbox 946 1926 989 1987; x_wconf 79' lang='lat' dir='ltr'><strong>iis</strong></span> <span class='ocrx_word' id='word_1_114' title='bbox 1017 1947 1087 1987; x_wconf 90' lang='lat' dir='ltr'><strong>cum</strong></span> <span class='ocrx_word' id='word_1_115' title='bbox 1113 1926 1253 2010; x_wconf 81' lang='lat' dir='ltr'><strong>populus</strong></span> 
     </span>
     <span class='ocr_line' id='line_1_16' title="bbox 181 2032 1253 2115; baseline -0.002 -19"><span class='ocrx_word' id='word_1_116' title='bbox 181 2033 345 2096; x_wconf 78' lang='lat' dir='ltr'><strong>Romanus</strong></span> <span class='ocrx_word' id='word_1_117' title='bbox 373 2032 456 2094; x_wconf 74' lang='lat' dir='ltr'><strong>uitii</strong></span> <span class='ocrx_word' id='word_1_118' title='bbox 482 2053 633 2114; x_wconf 77' lang='lat' dir='ltr'><strong>umquam</strong></span> <span class='ocrx_word' id='word_1_119' title='bbox 660 2033 797 2110; x_wconf 82' lang='lat' dir='ltr'><strong>iusserit,</strong></span> <span class='ocrx_word' id='word_1_120' title='bbox 829 2033 1005 2115; x_wconf 78' lang='lat' dir='ltr'><strong>quidquam</strong></span> <span class='ocrx_word' id='word_1_121' title='bbox 1029 2033 1126 2094; x_wconf 80' lang='lat' dir='ltr'><strong>audeo</strong></span> <span class='ocrx_word' id='word_1_122' title='bbox 1151 2034 1253 2096; x_wconf 84' lang='lat' dir='ltr'><strong>dicere</strong></span> 
     </span>
     <span class='ocr_line' id='line_1_17' title="bbox 179 2138 558 2210; baseline -0.008 -8"><span class='ocrx_word' id='word_1_123' title='bbox 179 2151 416 2203; x_wconf 77' lang='lat' dir='ltr'><strong>sacrosanctum</strong></span> <span class='ocrx_word' id='word_1_124' title='bbox 435 2138 558 2210; x_wconf 68' lang='lat' dir='ltr'><strong>ruisset</strong></span> 
     </span>
    </p>
   </div>
   <div class='ocr_carea' id='block_1_7' title="bbox 270 2248 1253 2338">
    <p class='ocr_par' dir='ltr' id='par_1_7' title="bbox 270 2248 1253 2338">
     <span class='ocr_line' id='line_1_18' title="bbox 270 2248 1253 2338; baseline 0 -21"><span class='ocrx_word' id='word_1_125' title='bbox 270 2255 353 2318; x_wconf 87' lang='lat' dir='ltr'><strong>Nam</strong></span> <span class='ocrx_word' id='word_1_126' title='bbox 372 2254 421 2317; x_wconf 86' lang='lat' dir='ltr'><strong>his</strong></span> <span class='ocrx_word' id='word_1_127' title='bbox 435 2275 564 2338; x_wconf 88' lang='lat' dir='ltr'><strong>quoque</strong></span> <span class='ocrx_word' id='word_1_128' title='bbox 582 2252 660 2316; x_wconf 90' lang='lat' dir='ltr'><strong>locis</strong></span> <span class='ocrx_word' id='word_1_129' title='bbox 674 2248 857 2316; x_wconf 87' lang='lat' dir='ltr'><strong>enuntiata:</strong></span> <span class='ocrx_word' id='word_1_130' title='bbox 885 2255 972 2331; x_wconf 80' lang='lat' dir='ltr'><strong>Quae</strong></span> <span class='ocrx_word' id='word_1_131' title='bbox 990 2288 1030 2297; x_wconf 89' lang='lat'>—</span> <span class='ocrx_word' id='word_1_132' title='bbox 1050 2256 1161 2338; x_wconf 81' lang='lat' dir='ltr'><strong>adepti</strong></span> <span class='ocrx_word' id='word_1_133' title='bbox 1172 2268 1253 2326; x_wconf 82' lang='lat' dir='ltr'><strong>suut,</strong></span> 
     </span>
    </p>
   </div>
   <div class='ocr_carea' id='block_1_8' title="bbox 181 2360 1257 4171">
    <p class='ocr_par' dir='ltr' id='par_1_8' title="bbox 182 2360 1255 2873">
     <span class='ocr_line' id='line_1_19' title="bbox 185 2360 1254 2447; baseline 0.002 -23"><span class='ocrx_word' id='word_1_134' title='bbox 185 2385 246 2447; x_wconf 81' lang='lat' dir='ltr'><strong>quo</strong></span> <span class='ocrx_word' id='word_1_135' title='bbox 272 2367 302 2424; x_wconf 83' lang='lat' dir='ltr'><strong>si</strong></span> <span class='ocrx_word' id='word_1_136' title='bbox 326 2396 364 2403; x_wconf 94' lang='lat'>—</span> <span class='ocrx_word' id='word_1_137' title='bbox 392 2372 499 2422; x_wconf 87' lang='lat' dir='ltr'><strong>coreot</strong></span> <span class='ocrx_word' id='word_1_138' title='bbox 522 2368 574 2422; x_wconf 91' lang='lat' dir='ltr'><strong>oet</strong></span> <span class='ocrx_word' id='word_1_139' title='bbox 598 2371 777 2423; x_wconf 88' lang='lat' dir='ltr'><strong>structuras</strong></span> <span class='ocrx_word' id='word_1_140' title='bbox 793 2361 828 2423; x_wconf 93' lang='lat' dir='ltr'><strong>II</strong></span> <span class='ocrx_word' id='word_1_141' title='bbox 848 2369 880 2424; x_wconf 91' lang='lat' dir='ltr'><strong>et</strong></span> <span class='ocrx_word' id='word_1_142' title='bbox 897 2360 949 2424; x_wconf 89' lang='lat' dir='ltr'><strong>III</strong></span> <span class='ocrx_word' id='word_1_143' title='bbox 972 2360 1130 2445; x_wconf 81' lang='lat' dir='ltr'><strong>praebent</strong></span> <span class='ocrx_word' id='word_1_144' title='bbox 1155 2362 1254 2427; x_wconf 87' lang='lat' dir='ltr'><strong>ethis</strong></span> 
     </span>
     <span class='ocr_line' id='line_1_20' title="bbox 183 2466 1253 2553; baseline 0.001 -21"><span class='ocrx_word' id='word_1_145' title='bbox 183 2469 326 2553; x_wconf 89' lang='lat' dir='ltr'><strong>pendent</strong></span> <span class='ocrx_word' id='word_1_146' title='bbox 359 2467 415 2529; x_wconf 84' lang='lat' dir='ltr'><strong>sed</strong></span> <span class='ocrx_word' id='word_1_147' title='bbox 452 2476 560 2529; x_wconf 85' lang='lat' dir='ltr'><strong>tamen</strong></span> <span class='ocrx_word' id='word_1_148' title='bbox 602 2488 666 2529; x_wconf 90' lang='lat' dir='ltr'><strong>non</strong></span> <span class='ocrx_word' id='word_1_149' title='bbox 706 2469 847 2531; x_wconf 89' lang='lat' dir='ltr'><strong>occurrit</strong></span> <span class='ocrx_word' id='word_1_150' title='bbox 889 2466 1059 2532; x_wconf 85' lang='lat' dir='ltr'><strong>collocatio</strong></span> <span class='ocrx_word' id='word_1_151' title='bbox 1093 2470 1253 2550; x_wconf 81' lang='lat' dir='ltr'><strong>Azo:a;</strong></span> 
     </span>
     <span class='ocr_line' id='line_1_21' title="bbox 182 2571 1255 2662; baseline 0.002 -24"><span class='ocrx_word' id='word_1_152' title='bbox 182 2574 300 2639; x_wconf 89' lang='lat' dir='ltr'><strong>deinde</strong></span> <span class='ocrx_word' id='word_1_153' title='bbox 324 2571 498 2636; x_wconf 89' lang='lat' dir='ltr'><strong>relativum</strong></span> <span class='ocrx_word' id='word_1_154' title='bbox 522 2595 586 2636; x_wconf 91' lang='lat' dir='ltr'><strong>non</strong></span> <span class='ocrx_word' id='word_1_155' title='bbox 615 2573 656 2636; x_wconf 91' lang='lat' dir='ltr'><strong>ad</strong></span> <span class='ocrx_word' id='word_1_156' title='bbox 681 2575 908 2639; x_wconf 86' lang='lat' dir='ltr'><strong>antecedentia</strong></span> <span class='ocrx_word' id='word_1_157' title='bbox 924 2575 980 2639; x_wconf 88' lang='lat' dir='ltr'><strong>sed</strong></span> <span class='ocrx_word' id='word_1_158' title='bbox 1006 2575 1048 2639; x_wconf 88' lang='lat' dir='ltr'><strong>ad</strong></span> <span class='ocrx_word' id='word_1_159' title='bbox 1083 2578 1255 2662; x_wconf 88' lang='lat' dir='ltr'><strong>sequentia</strong></span> 
     </span>
     <span class='ocr_line' id='line_1_22' title="bbox 182 2678 1254 2767; baseline 0.003 -22"><span class='ocrx_word' id='word_1_160' title='bbox 182 2690 325 2766; x_wconf 73' lang='lat' dir='ltr'><strong>spectat,</strong></span> <span class='ocrx_word' id='word_1_161' title='bbox 362 2681 492 2765; x_wconf 88' lang='lat' dir='ltr'><strong>quade</strong></span> <span class='ocrx_word' id='word_1_162' title='bbox 516 2703 615 2745; x_wconf 89' lang='lat' dir='ltr'><strong>causa</strong></span> <span class='ocrx_word' id='word_1_163' title='bbox 630 2678 790 2766; x_wconf 77' lang='lat' dir='ltr'><strong>&#39;coniungi</strong></span> <span class='ocrx_word' id='word_1_164' title='bbox 814 2692 922 2767; x_wconf 89' lang='lat' dir='ltr'><strong>potest</strong></span> <span class='ocrx_word' id='word_1_165' title='bbox 937 2683 1105 2767; x_wconf 85' lang='lat' dir='ltr'><strong>particulis</strong></span> <span class='ocrx_word' id='word_1_166' title='bbox 1129 2684 1254 2749; x_wconf 90' lang='lat' dir='ltr'><strong>coordi-</strong></span> 
     </span>
     <span class='ocr_line' id='line_1_23' title="bbox 183 2789 571 2873; baseline -0.005 -20"><span class='ocrx_word' id='word_1_167' title='bbox 183 2789 318 2853; x_wconf 88' lang='lat' dir='ltr'><strong>nativis:</strong></span> <span class='ocrx_word' id='word_1_168' title='bbox 345 2791 438 2868; x_wconf 85' lang='lat' dir='ltr'><strong>euim,</strong></span> <span class='ocrx_word' id='word_1_169' title='bbox 463 2792 571 2873; x_wconf 82' lang='lat' dir='ltr'><strong>ipitur.</strong></span> 
     </span>
    </p>

    <p class='ocr_par' dir='ltr' id='par_1_9' title="bbox 181 2904 1256 3851">
     <span class='ocr_line' id='line_1_24' title="bbox 271 2904 1254 2992; baseline 0.005 -24"><span class='ocrx_word' id='word_1_170' title='bbox 271 2904 460 2989; x_wconf 81' lang='lat' dir='ltr'><strong>Explicatio</strong></span> <span class='ocrx_word' id='word_1_171' title='bbox 478 2906 672 2969; x_wconf 83' lang='lat' dir='ltr'><strong>Deventieri</strong></span> <span class='ocrx_word' id='word_1_172' title='bbox 690 2907 854 2990; x_wconf 83' lang='lat' dir='ltr'><strong>angustior</strong></span> <span class='ocrx_word' id='word_1_173' title='bbox 871 2916 929 2990; x_wconf 89' lang='lat' dir='ltr'><strong>est,</strong></span> <span class='ocrx_word' id='word_1_174' title='bbox 951 2909 1029 2992; x_wconf 87' lang='lat' dir='ltr'><strong>quia</strong></span> <span class='ocrx_word' id='word_1_175' title='bbox 1045 2907 1110 2972; x_wconf 89' lang='lat' dir='ltr'><strong>illis</strong></span> <span class='ocrx_word' id='word_1_176' title='bbox 1126 2916 1254 2973; x_wconf 89' lang='lat' dir='ltr'><strong>tantum</strong></span> 
     </span>
     <span class='ocr_line' id='line_1_25' title="bbox 182 3012 1254 3101; baseline 0.004 -25"><span class='ocrx_word' id='word_1_177' title='bbox 182 3022 419 3077; x_wconf 89' lang='lat' dir='ltr'><strong>structurarum</strong></span> <span class='ocrx_word' id='word_1_178' title='bbox 432 3013 467 3076; x_wconf 92' lang='grc' dir='ltr'>Π</span> <span class='ocrx_word' id='word_1_179' title='bbox 477 3024 509 3077; x_wconf 91' lang='lat' dir='ltr'><strong>et</strong></span> <span class='ocrx_word' id='word_1_180' title='bbox 519 3013 573 3077; x_wconf 89' lang='grc' dir='ltr'><strong>ΙΙΙ</strong></span> <span class='ocrx_word' id='word_1_181' title='bbox 583 3012 893 3078; x_wconf 87' lang='lat' dir='ltr'><strong>conformationibus</strong></span> <span class='ocrx_word' id='word_1_182' title='bbox 906 3015 1076 3099; x_wconf 86' lang='lat' dir='ltr'><strong>satisfacit,</strong></span> <span class='ocrx_word' id='word_1_183' title='bbox 1088 3016 1123 3079; x_wconf 91' lang='lat' dir='ltr'><strong>in</strong></span> <span class='ocrx_word' id='word_1_184' title='bbox 1134 3016 1254 3101; x_wconf 88' lang='lat' dir='ltr'><strong>quibus</strong></span> 
     </span>
     <span class='ocr_line' id='line_1_26' title="bbox 181 3120 1255 3206; baseline 0.003 -22"><span class='ocrx_word' id='word_1_185' title='bbox 181 3120 355 3185; x_wconf 86' lang='lat' dir='ltr'><strong>relativum</strong></span> <span class='ocrx_word' id='word_1_186' title='bbox 384 3120 426 3184; x_wconf 85' lang='lat' dir='ltr'><strong>ad</strong></span> <span class='ocrx_word' id='word_1_187' title='bbox 450 3121 679 3184; x_wconf 87' lang='lat' dir='ltr'><strong>antecedentia</strong></span> <span class='ocrx_word' id='word_1_188' title='bbox 702 3131 843 3206; x_wconf 72' lang='lat' dir='ltr'><strong>spectat,</strong></span> <span class='ocrx_word' id='word_1_189' title='bbox 879 3121 1067 3186; x_wconf 87' lang='lat' dir='ltr'><strong>addendum</strong></span> <span class='ocrx_word' id='word_1_190' title='bbox 1092 3134 1151 3205; x_wconf 89' lang='lat' dir='ltr'><strong>est,</strong></span> <span class='ocrx_word' id='word_1_191' title='bbox 1181 3123 1255 3188; x_wconf 87' lang='lat' dir='ltr'><strong>illas</strong></span> 
     </span>
     <span class='ocr_line' id='line_1_27' title="bbox 183 3229 1256 3315; baseline 0.003 -23"><span class='ocrx_word' id='word_1_192' title='bbox 183 3229 455 3293; x_wconf 80' lang='lat' dir='ltr'><strong>conformationes</strong></span> <span class='ocrx_word' id='word_1_193' title='bbox 479 3229 740 3312; x_wconf 85' lang='lat' dir='ltr'><strong>frequentissime</strong></span> <span class='ocrx_word' id='word_1_194' title='bbox 764 3250 944 3293; x_wconf 89' lang='lat' dir='ltr'><strong>occurrere.</strong></span> <span class='ocrx_word' id='word_1_195' title='bbox 962 3264 1005 3270; x_wconf 94' lang='lat'><strong>—</strong></span> <span class='ocrx_word' id='word_1_196' title='bbox 1023 3230 1131 3294; x_wconf 87' lang='lat' dir='ltr'><strong>Debet</strong></span> <span class='ocrx_word' id='word_1_197' title='bbox 1155 3232 1256 3315; x_wconf 86' lang='lat' dir='ltr'><strong>igitur</strong></span> 
     </span>
     <span class='ocr_line' id='line_1_28' title="bbox 182 3335 1255 3421; baseline 0.003 -21"><span class='ocrx_word' id='word_1_198' title='bbox 182 3336 247 3400; x_wconf 88' lang='lat' dir='ltr'><strong>alia</strong></span> <span class='ocrx_word' id='word_1_199' title='bbox 271 3358 340 3400; x_wconf 87' lang='lat' dir='ltr'><strong>esse</strong></span> <span class='ocrx_word' id='word_1_200' title='bbox 364 3335 525 3420; x_wconf 88' lang='lat' dir='ltr'><strong>quaedam</strong></span> <span class='ocrx_word' id='word_1_201' title='bbox 550 3336 698 3400; x_wconf 91' lang='lat' dir='ltr'><strong>condicio</strong></span> <span class='ocrx_word' id='word_1_202' title='bbox 723 3359 807 3421; x_wconf 92' lang='lat' dir='ltr'><strong>quae</strong></span> <span class='ocrx_word' id='word_1_203' title='bbox 831 3336 927 3400; x_wconf 88' lang='lat' dir='ltr'><strong>latius</strong></span> <span class='ocrx_word' id='word_1_204' title='bbox 952 3347 1063 3418; x_wconf 85' lang='lat' dir='ltr'><strong>pateat</strong></span> <span class='ocrx_word' id='word_1_205' title='bbox 1087 3348 1120 3402; x_wconf 89' lang='lat' dir='ltr'><strong>et</strong></span> <span class='ocrx_word' id='word_1_206' title='bbox 1143 3361 1255 3403; x_wconf 91' lang='lat' dir='ltr'><strong>omnes</strong></span> 
     </span>
     <span class='ocr_line' id='line_1_29' title="bbox 183 3442 1255 3527; baseline 0.002 -19"><span class='ocrx_word' id='word_1_207' title='bbox 183 3444 454 3508; x_wconf 88' lang='lat' dir='ltr'><strong>conformationes</strong></span> <span class='ocrx_word' id='word_1_208' title='bbox 471 3443 734 3527; x_wconf 89' lang='lat' dir='ltr'><strong>comprehendat.</strong></span> <span class='ocrx_word' id='word_1_209' title='bbox 749 3478 793 3487; x_wconf 98' lang='lat'><strong>—</strong></span> <span class='ocrx_word' id='word_1_210' title='bbox 806 3442 925 3527; x_wconf 88' lang='lat' dir='ltr'><strong>Opinio</strong></span> <span class='ocrx_word' id='word_1_211' title='bbox 937 3444 1024 3508; x_wconf 91' lang='lat' dir='ltr'><strong>illius</strong></span> <span class='ocrx_word' id='word_1_212' title='bbox 1037 3445 1084 3509; x_wconf 88' lang='lat' dir='ltr'><strong>ita</strong></span> <span class='ocrx_word' id='word_1_213' title='bbox 1096 3447 1255 3510; x_wconf 89' lang='lat' dir='ltr'><strong>mutanda</strong></span> 
     </span>
     <span class='ocr_line' id='line_1_30' title="bbox 182 3549 1254 3636; baseline 0.003 -21"><span class='ocrx_word' id='word_1_214' title='bbox 182 3561 240 3635; x_wconf 89' lang='lat' dir='ltr'><strong>est,</strong></span> <span class='ocrx_word' id='word_1_215' title='bbox 277 3560 313 3616; x_wconf 91' lang='lat' dir='ltr'><strong>ut</strong></span> <span class='ocrx_word' id='word_1_216' title='bbox 344 3559 485 3635; x_wconf 90' lang='lat' dir='ltr'><strong>putetur,</strong></span> <span class='ocrx_word' id='word_1_217' title='bbox 517 3573 581 3614; x_wconf 91' lang='lat' dir='ltr'><strong>non</strong></span> <span class='ocrx_word' id='word_1_218' title='bbox 605 3573 676 3614; x_wconf 90' lang='lat' dir='ltr'><strong>eam</strong></span> <span class='ocrx_word' id='word_1_219' title='bbox 709 3550 954 3615; x_wconf 85' lang='lat' dir='ltr'><strong>collocationem</strong></span> <span class='ocrx_word' id='word_1_220' title='bbox 982 3549 1164 3636; x_wconf 86' lang='lat' dir='ltr'><strong>(A:o:a),</strong></span> <span class='ocrx_word' id='word_1_221' title='bbox 1197 3554 1254 3618; x_wconf 89' lang='lat' dir='ltr'><strong>sed</strong></span> 
     </span>
     <span class='ocr_line' id='line_1_31' title="bbox 182 3657 1255 3746; baseline 0.003 -24"><span class='ocrx_word' id='word_1_222' title='bbox 182 3657 449 3723; x_wconf 88' lang='lat' dir='ltr'><strong>consuetudinem</strong></span> <span class='ocrx_word' id='word_1_223' title='bbox 463 3659 621 3721; x_wconf 85' lang='lat' dir='ltr'><strong>enuntiati</strong></span> <span class='ocrx_word' id='word_1_224' title='bbox 638 3658 822 3722; x_wconf 87' lang='lat' dir='ltr'><strong>secundarii</strong></span> <span class='ocrx_word' id='word_1_225' title='bbox 838 3660 1057 3743; x_wconf 90' lang='lat' dir='ltr'><strong>anteponendi</strong></span> <span class='ocrx_word' id='word_1_226' title='bbox 1075 3682 1118 3723; x_wconf 84' lang='lat' dir='ltr'><strong>ex</strong></span> <span class='ocrx_word' id='word_1_227' title='bbox 1134 3683 1255 3746; x_wconf 86' lang='lat' dir='ltr'><strong>magna</strong></span> 
     </span>
     <span class='ocr_line' id='line_1_32' title="bbox 182 3765 1167 3851; baseline 0.003 -22"><span class='ocrx_word' id='word_1_228' title='bbox 182 3775 274 3851; x_wconf 88' lang='lat' dir='ltr'><strong>parte</strong></span> <span class='ocrx_word' id='word_1_229' title='bbox 300 3766 445 3830; x_wconf 86' lang='lat' dir='ltr'><strong>effecisse</strong></span> <span class='ocrx_word' id='word_1_230' title='bbox 470 3779 505 3828; x_wconf 89' lang='lat' dir='ltr'><strong>ut</strong></span> <span class='ocrx_word' id='word_1_231' title='bbox 529 3778 708 3829; x_wconf 89' lang='lat' dir='ltr'><strong>structurae</strong></span> <span class='ocrx_word' id='word_1_232' title='bbox 732 3766 767 3829; x_wconf 92' lang='grc' dir='ltr'><strong>ΙΙ</strong></span> <span class='ocrx_word' id='word_1_233' title='bbox 791 3779 824 3829; x_wconf 87' lang='lat' dir='ltr'><strong>et</strong></span> <span class='ocrx_word' id='word_1_234' title='bbox 847 3765 900 3829; x_wconf 94' lang='grc' dir='ltr'><strong>ΙΠ</strong></span> <span class='ocrx_word' id='word_1_235' title='bbox 924 3766 1000 3830; x_wconf 90' lang='lat' dir='ltr'><strong>oriri</strong></span> <span class='ocrx_word' id='word_1_236' title='bbox 1024 3778 1167 3850; x_wconf 86' lang='lat' dir='ltr'><strong>possent.</strong></span> 
     </span>
    </p>

    <p class='ocr_par' dir='ltr' id='par_1_10' title="bbox 183 3872 1257 4171">
     <span class='ocr_line' id='line_1_33' title="bbox 273 3872 1255 3959; baseline 0.003 -23"><span class='ocrx_word' id='word_1_237' title='bbox 273 3875 303 3937; x_wconf 79' lang='lat'><strong>2.</strong></span> <span class='ocrx_word' id='word_1_238' title='bbox 334 3872 411 3937; x_wconf 88' lang='lat' dir='ltr'><strong>Alia</strong></span> <span class='ocrx_word' id='word_1_239' title='bbox 435 3873 595 3954; x_wconf 91' lang='lat' dir='ltr'><strong>condicio,</strong></span> <span class='ocrx_word' id='word_1_240' title='bbox 625 3895 720 3959; x_wconf 87' lang='lat' dir='ltr'><strong>quam</strong></span> <span class='ocrx_word' id='word_1_241' title='bbox 745 3874 966 3938; x_wconf 84' lang='lat' dir='ltr'><strong>Deventierus</strong></span> <span class='ocrx_word' id='word_1_242' title='bbox 994 3885 1083 3939; x_wconf 90' lang='lat' dir='ltr'><strong>recte</strong></span> <span class='ocrx_word' id='word_1_243' title='bbox 1108 3875 1255 3940; x_wconf 87' lang='lat' dir='ltr'><strong>animad-</strong></span> 
     </span>
     <span class='ocr_line' id='line_1_34' title="bbox 183 3979 1257 4066; baseline 0.005 -24"><span class='ocrx_word' id='word_1_244' title='bbox 183 3981 291 4061; x_wconf 86' lang='lat' dir='ltr'><strong>vertit,</strong></span> <span class='ocrx_word' id='word_1_245' title='bbox 316 3980 499 4044; x_wconf 88' lang='lat' dir='ltr'><strong>continetur</strong></span> <span class='ocrx_word' id='word_1_246' title='bbox 522 3981 555 4043; x_wconf 91' lang='lat' dir='ltr'><strong>in</strong></span> <span class='ocrx_word' id='word_1_247' title='bbox 580 4002 628 4063; x_wconf 87' lang='lat' dir='ltr'><strong>ec,</strong></span> <span class='ocrx_word' id='word_1_248' title='bbox 659 3981 745 4066; x_wconf 90' lang='lat' dir='ltr'><strong>quod</strong></span> <span class='ocrx_word' id='word_1_249' title='bbox 768 3979 974 4064; x_wconf 86' lang='lat' dir='ltr'><strong>vocabulum,</strong></span> <span class='ocrx_word' id='word_1_250' title='bbox 1000 3983 1086 4066; x_wconf 89' lang='lat' dir='ltr'><strong>quod</strong></span> <span class='ocrx_word' id='word_1_251' title='bbox 1111 3984 1257 4066; x_wconf 82' lang='lat' dir='ltr'><strong>graviter</strong></span> 
     </span>
     <span class='ocr_line' id='line_1_35' title="bbox 183 4086 1257 4171; baseline 0.002 -21"><span class='ocrx_word' id='word_1_252' title='bbox 183 4086 303 4151; x_wconf 88' lang='lat' dir='ltr'><strong>dicitur</strong></span> <span class='ocrx_word' id='word_1_253' title='bbox 337 4087 412 4171; x_wconf 91' lang='lat' dir='ltr'><strong>poni</strong></span> <span class='ocrx_word' id='word_1_254' title='bbox 448 4099 554 4170; x_wconf 87' lang='lat' dir='ltr'><strong>potest</strong></span> <span class='ocrx_word' id='word_1_255' title='bbox 590 4099 665 4151; x_wconf 86' lang='lat' dir='ltr'><strong>ante</strong></span> <span class='ocrx_word' id='word_1_256' title='bbox 701 4087 893 4171; x_wconf 86' lang='lat' dir='ltr'><strong>particulam</strong></span> <span class='ocrx_word' id='word_1_257' title='bbox 926 4088 1168 4154; x_wconf 87' lang='lat' dir='ltr'><strong>subiunctivam</strong></span> <span class='ocrx_word' id='word_1_258' title='bbox 1200 4104 1257 4154; x_wconf 88' lang='lat' dir='ltr'><strong>aut</strong></span> 
     </span>
    </p>
   </div>
   <div class='ocr_carea' id='block_1_9' title="bbox 0 0 1443 4762">
    <p class='ocr_par' dir='ltr' id='par_1_11' title="bbox 0 0 1443 4762">
     <span class='ocr_line' id='line_1_36' title="bbox 0 0 1443 4762; baseline 0 0"><span class='ocrx_word' id='word_1_259' title='bbox 0 0 1443 4762; x_wconf 95' lang='lat' dir='ltr'><strong> </strong></span> 
     </span>
    </p>
   </div>
  </div>
 </body>
</html>
