2866 4762
608 275 817 339 ..40-

177 452 207 516 6.
233 452 324 516 Inter
353 461 463 537 partes
494 454 656 517 enuntiati
682 452 813 517 relativi
841 462 977 538 possunt
998 455 1160 541 interponi
1184 455 1251 520 duo

233 561 403 624 enuntiata
430 559 624 624 secundaria
656 560 801 624 eiusdem
830 560 953 625 ordinis
983 571 1041 626 aut
1075 562 1253 626 coniuncta

233 667 318 730 inter
342 689 377 731 se
400 667 570 752 particulis
595 667 837 752 coordinativis,
863 667 971 732 velut:
996 691 1028 754 p.
1045 691 1113 753 reg.
1138 670 1249 734 Deiot.

233 775 286 855 23,
311 783 368 839 aut
392 797 457 839 non
481 776 657 839 eoniunota
681 785 712 838 et
736 797 821 860 quae
844 797 886 840 no
903 776 1083 860 neoniungi
1102 786 1251 862 possunt,

236 891 286 946 ut:
312 882 353 946 de
369 891 435 946 nat.
453 882 541 947 deor.
566 882 583 944 Ι
609 882 659 948 10.

179 989 207 1053 7.
234 988 316 1054 Cum
344 989 408 1054 duo
433 990 604 1053 enuntiata
627 989 773 1053 eiusdem
801 989 934 1073 ordinin,
964 990 1140 1054 ooniunota
1166 990 1254 1054 inter

233 1118 267 1160 se
291 1105 349 1160 aut
376 1119 441 1161 non
469 1097 644 1161 coniuncta
671 1096 840 1181 particulis
864 1097 1107 1179 coordinativis,
1136 1121 1156 1161 a
1178 1119 1251 1183 pro·

234 1204 364 1268 nomine
388 1203 527 1268 relativo
551 1204 713 1288 inoipiunt
736 1213 814 1269 tuno
843 1216 900 1268 aut
928 1205 1058 1290 utrique
1083 1206 1253 1269 enuntiato

233 1312 453 1396 interponitur
464 1311 519 1375 vel
529 1312 734 1397 postponitur
746 1312 950 1377 enuntiatum
961 1312 1126 1398 quoddam
1137 1334 1252 1376 seeun-

235 1418 362 1482 darium
386 1418 491 1483 velut:
531 1441 562 1503 p.
589 1419 684 1482 Roso.
711 1417 747 1483 C.
770 1420 813 1484 46
843 1430 900 1484 aut
928 1428 1055 1484 tantum
1084 1419 1251 1484 alterutri:

235 1527 290 1590 Br.
317 1526 392 1590 216.

180 1633 210 1698 8.
236 1633 299 1697 Pro
324 1634 493 1697 enuntiato
517 1633 709 1698 secundario
737 1634 815 1718 poni
843 1642 952 1718 potest
975 1634 1095 1699 locutio
1119 1635 1253 1720 partisi-

238 1740 350 1826 pialis:
374 1762 407 1825 p.
432 1740 545 1806 Plane.
571 1740 624 1805 86.
924 1746 926 1750 ’

180 1849 211 1914 9.
237 1849 453 1913 Enuntiatum
486 1849 716 1913 seeundarium
744 1858 852 1934 potest
887 1871 958 1914 esse
986 1849 1125 1913 alterum
1153 1871 1252 1913 enun-

99 1942 103 1949 ’
235 1958 352 2021 tiatum
375 1956 565 2022 relativum:
591 1957 645 2020 Br.
673 1956 747 2020 173.

597 2261 625 2316 ὅ.
652 2256 841 2317 Ablativus.

273 2417 301 2457 a.
327 2394 587 2459 Enuntiatum
612 2392 888 2457 secundarium
912 2393 1197 2478 interponitur:

273 2542 304 2604 p.
322 2519 432 2583 Flauo.
451 2519 509 2584 25:
544 2523 579 2583 in
614 2520 671 2583 lior
700 2541 755 2603 epo
783 2541 837 2582 reo
866 2541 905 2582 ne
934 2521 1020 2602 qnod
1038 2520 1256 2604 perniciosum

184 2627 360 2711 enernplern
390 2629 562 2711 prodatur,
603 2629 637 2688 in
673 2648 750 2710 qno,
795 2628 888 2689 etiarn
927 2629 957 2689 ai
991 2627 1070 2710 qnid
1109 2639 1255 2703 errasset,

185 2756 289 2797 ornnes
313 2734 390 2797 boni
411 2735 617 2797 conivendum
641 2756 705 2797 esre
728 2733 981 2796 arbitrarentur?
1024 2732 1116 2796 acad.
1141 2754 1189 2817 pr.
1219 2731 1256 2795 ΙΙ

186 2840 241 2904 1οε
277 2841 396 2905 Dicant
425 2843 507 2905 enirn
535 2864 590 2905 nee
623 2863 692 2904 rnen
726 2862 782 2903 nec
819 2862 872 2920 ea,
908 2843 943 2902 in
971 2840 1109 2924 quibua·
1136 2843 1166 2902 ai
1190 2861 1257 2903 non

185 2949 313 3028 ruerint,
340 2951 427 3012 vinci
445 2971 508 3011 non
522 2941 639 3012 'malini
660 2970 755 3033 qnam
779 2949 910 3010 uincere.

280 3109 377 3172 Notio
401 3109 601 3193 pronominis
636 3107 766 3172 relativi
800 3107 833 3170 in
863 3106 977 3171 eodem
1006 3128 1083 3169 oasu
1110 3105 1258 3170 ablativo

185 3218 218 3280 in
243 3225 380 3301 utroque
405 3217 588 3279 enuntiato:

274 3345 306 3408 p.
332 3322 463 3401 Quinot.
489 3323 525 3385 9:
573 3333 602 3384 et
638 3324 673 3383 in
708 3323 775 3383 eins
817 3322 905 3384 modi
937 3319 1029 3383 rebus
1066 3342 1139 3404 opes
1182 3343 1257 3384 sana

186 3432 402 3516 experiuntur,
436 3432 471 3492 in
507 3428 631 3513 quibus,
669 3449 730 3512 qno
763 3427 838 3512 plns
868 3440 1002 3512 propter
1024 3430 1169 3490 uirtutem
1194 3479 1200 3490 .
1221 3479 1255 3490 ..

182 3551 328 3624 possunt,
354 3558 388 3600 eo
416 3538 519 3598 urinas
545 3548 697 3618 qnarttnm
719 3537 844 3618 possint
872 3534 983 3598 debent
1007 3536 1175 3598 ostendere.

329 3638 410 3692 Item:
429 3656 456 3707 p.
475 3637 531 3689 Mil.
552 3636 586 3689 19
605 3637 679 3705 (quo,
699 3636 741 3703 si).

278 3787 372 3849 Prior
404 3806 480 3869 pars
514 3783 675 3846 enuntiati
705 3781 836 3845 relativi
866 3791 994 3847 constat
1021 3792 1151 3867 praeter
1186 3806 1258 3869 pro·

187 3915 306 3959 nomen
330 3891 626 3955 relativum‘etiam
652 3912 694 3953 ex
718 3889 782 3952 alia
806 3898 912 3974 parte:

278 4023 309 4085 p.
335 3999 418 4064 Sest.
447 3999 523 4062 133:
557 3999 594 4060 ele
624 4017 685 4080 qno
710 4019 776 4080 epo,
808 4020 878 4059 enni
901 3997 1015 4060 cotidie
1044 4010 1158 4074 rueret,
1190 4021 1260 4060 oer-

189 4109 262 4172 bnm
276 4108 358 4191 feei,
382 4107 503 4169 indices
527 4125 700 4187 nunquam.
748 4103 1082 4187 adAtt.V1115‚1:
1107 4128 1172 4168 non
1196 4128 1260 4188 qno
