2866 4762
603 243 818 306 -43..

176 444 260 508 quae
284 421 496 486 conformatio
529 421 629 484 solam
665 422 751 486 hanc
778 423 915 486 formam
944 422 1100 487 exhibere
1123 432 1244 509 potest:

363 529 420 613 qui
442 550 484 591 ne
508 528 587 613 quid
612 551 655 592 ex
678 529 728 593 his
753 528 912 613 deperdat
935 529 1064 595 timebit

177 649 209 700 et
236 635 270 699 in
298 659 363 722 qua
397 635 536 699 verbum
570 636 770 721 primarium,
807 637 876 700 sive
911 637 1138 721 postpositum,
1175 639 1247 701 sive

178 744 414 826 interpositum,
437 765 565 829 semper
581 743 680 807 habet
695 766 754 829 pro
771 743 898 807 obiecto
914 745 1117 808 enuntiatum
1134 767 1248 809 secun·

177 850 303 914 darium
328 862 426 936 atque
443 863 492 914 est
508 850 623 914 eodem
639 862 784 936 tempore
801 850 1026 936 praedicatum
1047 853 1247 936 pronominis

176 958 316 1024 relativi.
368 957 498 1022 Deinde
522 959 802 1022 animadvertatur
825 959 897 1042 hoc,
933 958 1020 1044 quod
1055 960 1120 1023 viri
1149 960 1246 1043 docti,

177 1078 334 1151 quantum
358 1066 487 1148 seimus,
517 1087 581 1130 non
610 1065 833 1130 attenderunt:
871 1066 1093 1131 subiectum
1128 1089 1247 1131 enun-

176 1174 265 1237 tiati
282 1173 539 1251 substantivi,
554 1195 635 1237 cum
652 1196 672 1236 a
684 1173 805 1237 verbo
817 1173 1003 1257 primario
1020 1173 1247 1255 attrahitur,

176 1303 251 1343 non
274 1279 397 1344 solum
421 1302 552 1344 casum
581 1281 864 1363 accusativum,
901 1290 942 1344 ut
976 1282 1015 1344 in
1039 1281 1122 1345 loco
1152 1292 1246 1345 orat.

177 1410 208 1473 p.
233 1387 362 1450 Plano.
399 1386 457 1469 52,
511 1387 576 1450 sed
623 1388 739 1451 etiam
782 1388 1081 1471 nominativum,
1129 1398 1171 1452 ut
1209 1389 1248 1452 in

178 1493 354 1578 exemplo
371 1495 548 1580 proxime
564 1493 699 1558 allato:
724 1495 837 1559 Tusc.
856 1494 953 1580 disp.
972 1496 1003 1558 V
1019 1497 1073 1577 40,
1098 1517 1248 1560 sumere

178 1624 299 1686 posse.

268 1708 422 1773 Ceterum
460 1717 590 1793 praeter
628 1708 686 1772 has
725 1732 786 1792 res,
826 1732 910 1794 quaa
945 1733 963 1773 c
998 1721 1115 1774 natura
1154 1732 1248 1774 casus

176 1816 371 1881 nominativi
395 1827 575 1900 sequuntur
591 1816 672 1879 nihil
689 1816 729 1880 de
750 1817 812 1880 hac
828 1818 1084 1882 conformatione
1100 1816 1246 1901 dignum,

178 1924 266 2011 quod
289 1935 429 1988 notetur.

270 2031 363 2111 Quae
392 2031 481 2095 diota
509 2040 584 2095 sunt
612 2031 653 2095 de
687 2032 856 2095 enuntiato
885 2031 1105 2115 substantivo,
1137 2031 1249 2096 valent

159 2139 278 2207 :etiam
323 2139 363 2202 de
403 2137 713 2202 conformationibus
752 2147 936 2203 structurae
975 2139 1002 2220 Ι,
1049 2140 1083 2202 in
1129 2138 1249 2224 quibus

180 2246 391 2329 interrogatio
415 2243 549 2329 obliqua
572 2245 723 2327 occurrit,
749 2253 799 2309 ut:

269 2375 301 2437 p.
320 2351 410 2417 Cael.
436 2353 493 2416 67:
534 2375 571 2416 ac
607 2352 720 2437 quibua
755 2356 918 2438 requiram
942 2374 1033 2438 quem
1057 2354 1251 2417 admodum

180 2459 332 2523 latuerint
354 2473 409 2523 aut
432 2461 496 2522 ubi.
522 2493 581 2550 --W

270 2567 324 2630 Ex
348 2568 395 2631 eis
418 2589 503 2651 quae
526 2567 729 2653 praecedunt
744 2567 843 2631 facile
863 2567 1012 2651 intellegi
1035 2576 1153 2653 potest,
1179 2590 1250 2632 esse

180 2674 327 2760 profecto
351 2675 384 2737 in
402 2674 543 2759 quadam
559 2683 653 2760 parte
676 2683 820 2738 nostram
845 2683 1040 2739 structuram
1062 2674 1079 2737 I
1102 2675 1135 2737 in
1160 2674 1250 2758 locis,

180 2784 213 2846 in
256 2782 394 2867 quibus,
433 2794 471 2847 ut
509 2805 622 2869 supra,
663 2783 868 2847 enuntiatum
911 2783 1154 2848 substantivum
1193 2793 1251 2848 aut

179 2891 389 2974 interrogatio
425 2890 559 2976 obliqua
593 2892 751 2972 occurrit3
782 2889 839 2954 sed
867 2913 931 2954 non
963 2891 1051 2955 idem
1080 2913 1251 2956 censemus

182 2997 223 3061 de
247 2983 408 3082 exemplis
431 2998 537 3063 velut:

270 3105 311 3168 ad
328 3104 397 3169 Att.
420 3106 451 3168 V
473 3106 503 3187 2,
531 3108 565 3170 l:
606 3107 659 3168 cui
681 3107 861 3188 deposcenti
882 3127 951 3169 mea
973 3107 1127 3170 mandata
1150 3119 1252 3170 cetera

179 3214 323 3275 univerae
345 3214 496 3275 mandavi

68 3327 70 3331 ’
179 3319 301 3404 inquo
326 3319 534 3404 participium
558 3318 612 3383 vel
636 3319 756 3383 locutio
782 3319 996 3405 participialis
1021 3319 1252 3405 deposcenti

180 3448 239 3510 pro
274 3428 442 3490 enuntiato
478 3426 671 3491 secundario
706 3427 852 3510 ponitur:
890 3448 974 3490 cum
1005 3426 1251 3511 deposceret3

179 3556 256 3598 nam
273 3533 393 3598 locutio
410 3533 624 3618 participialis
640 3534 764 3619 pariter
779 3543 878 3618 atque
895 3533 1060 3598 ablativus
1082 3533 1252 3598 absolutus

180 3641 237 3726 qui
268 3640 389 3705 dicitur
419 3651 451 3704 et
482 3642 689 3705 accusativus
725 3662 799 3705 cum
835 3640 996 3704 infinitivo
1032 3642 1065 3704 in
1106 3642 1252 3705 oratione

181 3757 284 3830 recta,
325 3770 399 3812 cum
438 3748 576 3812 verbum
615 3748 742 3811 finitum
775 3769 840 3811 non
871 3747 984 3831 habet,
1022 3747 1148 3812 nullum
1172 3748 1252 3813 facit

181 3856 396 3938 enuntiatum,
422 3855 479 3920 sed
507 3878 583 3940 pars
610 3864 737 3919 tantum
762 3855 932 3936 enuntiati,
957 3854 1045 3941 quod
1069 3854 1253 3920 definit.—

181 3960 319 4047 Aliquot
353 3971 462 4026 autem
498 3964 567 4026 eius
601 3964 729 4046 generis
766 3962 918 4046 exempla
952 3963 1149 4046 attulimus„
1173 3965 1251 4049 quia

180 4091 411 4154 nonnunquam
441 4070 516 4133 illae
551 4070 729 4134 locutiones
760 4092 818 4154 pro
855 4072 1023 4134 enuntiato
1058 4071 1252 4136 secundario
