2866 4762
594 304 826 369 -155—

262 471 296 527 de
309 479 365 526 nat.
380 473 406 526 d.
420 473 433 526 l
447 473 511 526 121:
532 493 608 544 quam
627 475 671 543 qui
689 475 797 546 adeptus
816 476 872 541 erit,
898 476 1036 544 ulnicmupue
1060 477 1109 530 erit
1125 479 1246 548 pontiani,

172 580 189 613 a
209 562 279 614 nobis
298 563 426 633 (lilipetur.

261 651 398 721 Apodosis
417 651 482 705 feeit
500 651 752 722 interrogationem:

262 738 296 793 do
309 739 353 793 off.
368 739 453 794 1137:
474 741 544 803 (lucae
569 742 612 810 qui
634 741 661 792 in
685 748 935 811 utramquepartem
954 743 1052 795 excelso
1072 744 1157 795 animo
1176 761 1246 814 sniap-

173 845 252 896 noque
271 830 414 899 despiciam
432 846 536 898 cornone
554 829 687 897 aliqualis
706 831 793 900 atsupla
813 837 836 883 et
849 831 953 884 honesta
972 831 1069 884 structo
1089 839 1153 885 totos
1172 834 1246 886 adse

173 919 294 971 convenit
312 926 336 971 et
353 919 432 989 rapit,
452 927 504 971 tum
524 919 579 987 quis
597 938 648 971 non
661 920 804 972 admiretur
815 921 974 990 splendorem
983 921 1247 991 pmlclsrituclinemqae

173 1007 289 1060 zslrlutlsl

264 1095 296 1148 ln
315 1094 436 1151 oratione
456 1095 577 1167 obliqua:

261 1182 346 1239 deor.
360 1183 476 1239 111140:
505 1203 581 1254 quom
600 1186 643 1254 qui
669 1187 832 1256 accepissent,
860 1190 882 1240 si
899 1188 979 1240 eidem
998 1189 1098 1259 inperio
1125 1188 1161 1240 od
1182 1205 1247 1259 pro·

175 1275 343 1327 nuntiandum
361 1274 499 1326 valuissent
518 1281 541 1326 et
559 1291 585 1327 se
603 1276 641 1327 ocl
658 1275 790 1328 (licendum
810 1292 905 1344 quoque
917 1294 968 1328 non
980 1284 1138 1347 repupnonte
1151 1284 1247 1330 natura

174 1364 305 1430 dedissent,
324 1364 465 1431 eloquentia
480 1364 646 1434 praestitisse.

263 1452 329 1505 Pars
348 1452 557 1506 constructionis
577 1453 718 1522 repetitur:

262 1560 288 1611 p.
302 1541 394 1595 Plane.
410 1541 455 1594 13:
485 1559 561 1610 quiam
580 1542 727 1612 petitionem
750 1560 807 1595 corn
829 1543 980 1611 rammasses,
1009 1544 1032 1596 si
1053 1544 1100 1596 leoc
1127 1543 1250 1597 indicasti

174 1639 247 1684 tanto
265 1633 292 1684 in
311 1638 456 1702 tempestate
475 1639 498 1684 te
514 1631 658 1701 palemone
672 1649 721 1683 non
738 1650 819 1701 posse,
842 1632 873 1684 cle
896 1633 989 1685 virtute
1014 1640 1058 1685 tuo
1081 1632 1203 1699 dalmaci,
1227 1633 1250 1685 si

174 1721 248 1785 nolle,
262 1721 293 1773 de
311 1722 447 1773 volontate.

263 1807 435 1863 Parenthesis
454 1808 525 1861 inter
542 1809 666 1878 protasin
686 1816 712 1862 et
731 1808 876 1879 epodosin:

267 1898 300 1952 de
314 1898 366 1969 leg.
381 1916 437 1969 agr.
451 1897 477 1951 lI
491 1898 519 1953 9:
541 1898 611 1961 Quae
630 1917 686 1951 com
704 1917 749 1967 eqo
768 1917 819 1950 oon
837 1899 916 1951 solum
935 1901 1089 1969 suspicarer,
1109 1900 1155 1952 secl
1170 1901 1249 1970 plane

176 2005 302 2042 cernerem
321 2019 354 2028 -
378 2006 456 2057 cneque
475 1989 541 2041 enlin
559 1988 663 2041 obscure
679 1989 834 2058 perstantes·
858 2019 891 2027 -
915 1989 972 2041 dial
989 1990 1017 2041 ln
1035 1996 1133 2055 senatu,
1156 1989 1183 2040 ia
1201 1989 1249 2041 lnoc

176 2079 329 2148 mapistrata
346 2095 385 2130 me
399 2080 553 2148 popularem
572 2079 698 2131 consulem
711 2078 842 2146 fictorum.

265 2201 399 2255 Diversi
419 2201 559 2255 ordinis:

265 2300 293 2352 in
303 2299 357 2353 Pis.
368 2299 416 2353 93:
430 2299 590 2362 Quibuscum
603 2301 702 2352 iuratus
712 2300 868 2369 affirmasset
877 2318 903 2352 se
916 2318 980 2369 qaae
992 2299 1250 2370 delerentnrposlero

177 2391 218 2443 ulie
232 2391 432 2461 persoluturam,
452 2390 552 2441 datiuum
571 2408 597 2442 se
617 2389 723 2441 abdidit.

265 2478 333 2532 Post
350 2478 493 2532 relativum
512 2477 626 2532 alterum
645 2478 801 2532 relativum:

267 2567 313 2622 Or.
324 2567 390 2621 231:
410 2567 481 2629 Quae
498 2568 560 2619 vitio
573 2568 617 2636 qni
624 2567 733 2637 superit,
748 2576 775 2619 ut
787 2584 866 2636 sieque
878 2566 978 2620 valum
994 2568 1029 2619 ita
1043 2568 1164 2621 traiicial.
1186 2566 1252 2618 ulid

178 2658 209 2711 cle
230 2658 357 2710 industrio
370 2657 475 2725 factum
493 2658 662 2727 intelleyatur,
682 2675 780 2727 neqcue.
796 2697 801 2708 .
816 2698 831 2724 .,
853 2658 872 2709 is
886 2657 1037 2725 omniafere
1049 2657 1112 2710 oilla
1125 2658 1250 2709 vitaverit.

267 2746 404 2817 Apodosis
423 2746 488 2800 facit
506 2746 757 2818 interrogationem:

266 2854 293 2905 p.
308 2835 414 2890 Cluent.
429 2835 492 2888 171:
513 2835 583 2897 Quae
596 2838 619 2888 si
625 2836 701 2904 salsa
715 2842 781 2901 sunt,
802 2835 829 2886 ul
841 2835 909 2903 qicsncl
921 2852 1003 2886 onina·
1018 2834 1171 2904 intellepunt,
1191 2834 1253 2903 quid

178 2927 202 2978 ei
220 2925 321 2978 tandem
341 2942 407 2977 mors
426 2926 520 2996 erupuit
536 2934 642 2996 praeter
660 2943 758 2978 sensum
776 2924 890 2976 doloris?

268 3059 310 3113 Et
329 3058 455 3113 diversi
473 3064 506 3112 et
524 3058 670 3114 eiusdem
691 3057 831 3112 ordinis:

270 3157 369 3211 Timae.
383 3157 413 3210 4:
443 3157 555 3218 (luorum
578 3175 609 3209 ne
632 3157 695 3226 quia
716 3156 842 3209 accideret
864 3163 938 3224 utpute
958 3162 984 3206 ut
1005 3155 1047 3206 lu'c
1066 3155 1172 3206 nrsncrulus
1190 3160 1253 3206 esset

180 3248 306 3300 animanti
318 3246 431 3299 absoluto
444 3247 584 3299 sinu'llimus
596 3246 643 3297 lmc
663 3247 724 3317 ipso,
744 3245 812 3314 quocl
823 3246 890 3296 solus
903 3252 977 3313 atque
991 3261 1054 3295 nunus
1066 3250 1137 3309 esset,
1158 3243 1252 3294 idcirco

179 3337 334 3407 ninpularem
353 3336 415 3388 dens
433 3336 500 3388 lcum
519 3336 638 3387 mundum
657 3343 731 3404 atque
750 3335 883 3404 tulupensem
901 3335 1055 3404 procreat-it.

268 3425 368 3479 Forma
387 3445 403 3478 a
422 3426 518 3493 (b:A):

270 3513 339 3567 Phil.
352 3514 378 3567 ΙΙ
391 3514 438 3568 38:
468 3514 538 3576 Quae
561 3515 684 3566 sententia
709 3515 731 3564 si
748 3515 868 3566 valuisset
891 3531 923 3564 ac
946 3531 996 3564 ium
1015 3513 1039 3564 ei
1057 3512 1165 3563 nuam'mc
1185 3511 1252 3576 milui,

181 3622 286 3675 quoram
309 3621 354 3674 epo
377 3605 444 3656 citae
467 3603 633 3670 consulelunn,
662 3620 705 3672 spe
727 3604 849 3655 victoriae
874 3603 936 3655 elati
963 3602 1120 3666 obstitissent,
1149 3609 1176 3653 ut
1199 3599 1253 3651 alia

180 3696 301 3760 omittam,
330 3703 357 3747 ta
381 3703 447 3746 certe
470 3711 600 3762 nunqnam
626 3694 649 3745 in
669 3693 716 3744 lnoc
740 3692 827 3744 ordine
850 3693 891 3744 vel
904 3693 991 3762 potius
1014 3708 1141 3759 seniiquam
1161 3690 1186 3740 in
1205 3691 1254 3740 liac

181 3784 242 3837 urbe
260 3785 399 3836 osianan'sses.

270 3872 407 3943 Apodosis
426 3871 492 3924 facit
510 3871 765 3941 interrogationem:

271 3960 316 4015 Or.
331 3961 378 4015 74:
398 3961 465 4030 quocl
483 3961 507 4010 si
519 3967 598 4030 poeto
605 3959 679 4029 fupit
699 3969 725 4011 ul
742 3960 878 4009 ruammnm
897 3960 993 4023 vitimn,
1013 3959 1057 4027 quui
1064 3964 1156 4028 peccat
1169 3957 1253 4023 eliani,

183 4069 237 4103 curn
247 4050 325 4121 probi
335 4050 474 4104 orationem
487 4049 591 4118 affinpit
605 4089 610 4100 .
626 4087 632 4100 .
646 4087 662 4101 ..
681 4049 704 4098 si
721 4048 826 4116 (lenique
842 4048 928 4118 pictor
946 4048 988 4099 ille
1000 4048 1072 4112 cidit,
1092 4066 1148 4098 cuna
1161 4085 1168 4098 .
1182 4086 1188 4098 .
1203 4086 1219 4113 .‚
1232 4047 1255 4099 si

182 4141 287 4210 deinque
305 4141 394 4193 luistrio
414 4140 476 4209 qiuicl
493 4141 581 4192 dcccut
600 4139 706 4207 quaerit,
727 4137 788 4206 qnid
801 4137 953 4205 faciendum
972 4138 1072 4189 oratori
1083 4139 1219 4208 puteanus?
