2866 4762
601 314 829 378 -196-

183 496 356 561 relativum
380 495 518 580 ponitur,
543 493 686 558 exsistit:

392 600 536 687 quibus
559 600 629 665 ille
652 602 684 665 si
708 600 830 683 cedit,
855 600 956 664 salvi
980 622 1121 680 sumus3

178 711 212 774 in
227 710 288 774 hac
301 708 559 773 conformatione
575 719 657 772 tota
672 706 967 791 comprehensio
984 705 1250 791 subiungitur,

178 830 275 902 atque
303 817 350 881 ita
379 816 579 880 enuntiatum
609 816 657 879 iis
681 814 755 879 ille
779 816 810 879 si
834 814 955 897 cedit,
992 836 1065 878 cum
1090 825 1250 878 mutatum

178 926 220 989 sit
260 926 293 988 in
334 923 474 1010 quibus
509 922 579 986 ille
620 923 653 992 si
691 921 799 986 cedit
839 922 890 986 bis
932 921 1069 1006 pendet:
1108 923 1250 1005 primum

179 1030 339 1116 particula
364 1031 397 1095 si
413 1029 456 1095 ab
469 1030 634 1094 enuntiato
649 1030 807 1115 sequenti,
826 1028 946 1094 deinde
964 1029 1155 1114 pronomine
1166 1028 1251 1093 rela-

179 1140 247 1202 tivo
265 1139 307 1203 ab
324 1140 380 1219 eis,
398 1160 482 1224 quae
495 1137 710 1224 praecedunt3
724 1146 903 1220 praeterea,
918 1137 1122 1200 enuntiatum
1132 1137 1251 1220 prima-

178 1248 271 1330 rium,
301 1245 405 1310 salvi
429 1268 569 1328 sumus,
598 1240 698 1331 quod
713 1244 844 1308 omnino
867 1266 933 1307 non
957 1243 1132 1328 pendebat,
1173 1244 1248 1325 iam,

177 1354 315 1419 relativo
348 1376 405 1437 pro
435 1353 691 1417 demonstrativo
722 1352 835 1436 posito,
865 1351 996 1437 pendet,
1028 1374 1152 1437 quare
1182 1361 1250 1416 tota

179 1460 426 1546 comprehensio
450 1459 591 1545 quodam
619 1459 715 1524 modo
739 1458 910 1524 relativam
935 1460 1002 1522 vim
1027 1459 1140 1541 habet3
1173 1481 1250 1523 nam

180 1570 279 1634 etiam
314 1568 492 1633 secundum
527 1568 729 1631 enuntiatum
764 1566 902 1631 relative
934 1566 1044 1652 aliqua
1078 1589 1121 1631 ex
1158 1581 1249 1650 parte

179 1676 308 1759 dicitur,
325 1676 401 1761 quia
417 1676 597 1739 arctissime
613 1673 773 1758 particula
787 1675 820 1738 si
836 1695 910 1737 cum
927 1674 1093 1738 enuntiato
1110 1674 1249 1739 relativo

178 1784 367 1848 conectitur.

267 1892 381 1954 Pauca
408 1890 506 1954 etiam
535 1889 575 1953 de
606 1889 668 1952 hac
697 1900 859 1952 structura
893 1889 978 1952 infra
1008 1888 1138 1971 addam,
1176 1911 1251 1953 cum

177 2000 319 2085 primum
334 1999 376 2063 de
400 1998 568 2062 structuris
583 1997 600 2060 I
617 2006 650 2061 et
664 1996 699 2060 ΙΙ
715 1996 841 2060 dixero.
867 1996 962 2060 Nunc
979 2008 1088 2060 autem
1105 1996 1251 2061 animad-

177 2117 353 2188 vertamus,
389 2107 424 2169 in
452 2116 613 2169 structura
636 2103 689 2167 HI
716 2104 882 2168 notionem
912 2102 1042 2168 relativi
1067 2114 1193 2168 tantum
1217 2105 1250 2167 in

178 2215 345 2278 enuntiato
370 2212 562 2277 secundario
588 2233 767 2276 occurrere.

269 2410 325 2472 De
350 2409 559 2472 structuris
583 2407 599 2469 I
624 2416 662 2471 et
685 2406 730 2471 H.

268 2534 324 2596 Fit
347 2531 511 2596 interdum
536 2546 570 2594 ut
598 2530 707 2616 aliqua
729 2533 818 2596 notio
842 2533 1022 2597 communis
1046 2534 1088 2598 sit
1112 2533 1248 2599 duorum

183 2641 425 2727 enuntiatorum
471 2639 594 2704 diversi
627 2640 748 2704 ordinis
784 2652 816 2703 et
850 2663 934 2727 quae
966 2640 1129 2727 quandam
1165 2664 1251 2706 com-

180 2747 430 2832 prehensionem
454 2747 591 2828 faciunt3
616 2758 685 2811 tum
702 2749 848 2811 exoritur
863 2749 956 2832 quasi
972 2750 1137 2813 contentio
1154 2772 1251 2835 quae·

180 2855 265 2934 dam,
291 2854 352 2917 utri
370 2855 537 2918 enuntiato
559 2853 756 2917 attribuatur
778 2876 907 2937 nomen,
932 2877 995 2939 quo
1013 2855 1250 2939 significantius

181 2961 239 3025 illa
262 2963 350 3025 notio
374 2971 512 3044 notetur,
537 2961 641 3026 velut:

270 3069 311 3133 ad
334 3068 403 3133 Att.
427 3069 480 3132 ΠΙ
508 3069 562 3152 20,
588 3069 623 3132 2:
665 3069 704 3133 dn
727 3071 875 3132 aniverso
899 3071 1009 3150 solute,
1046 3073 1077 3133 si
1098 3093 1134 3133 aa
1158 3073 1251 3135 modo

180 3175 270 3240 nobis
293 3180 484 3256 restituetur,
509 3179 637 3240 inerant
660 3179 776 3240 omnia.
817 3177 850 3240 in
875 3199 939 3263 qua
963 3177 1252 3261 comprehensione

180 3283 386 3367 vocabulum,
441 3307 504 3370 quo
543 3284 632 3347 notio
679 3284 859 3349 eommunis
905 3285 1091 3349 universa
1148 3285 1253 3350 salus

180 3392 415 3476 significantius
444 3391 646 3475 exprimitur,
677 3389 864 3456 attribuitur
891 3392 1057 3457 enuntiato
1081 3393 1251 3478 primari03

180 3499 261 3563 alias
286 3510 395 3563 autem
418 3499 456 3563 fit
479 3499 691 3563 contrarium:

270 3605 312 3670 ad
336 3605 406 3671 Att.
433 3605 516 3669 VIII
542 3607 598 3670 10:
645 3606 825 3691 Dionysius
862 3629 931 3669 rum
965 3609 1009 3671 od
1042 3630 1091 3671 ute
1120 3620 1255 3693 praeter

181 3717 361 3799 opinionem
376 3737 477 3778 arceant
492 3716 633 3794 venisset,
659 3715 780 3777 locatos
796 3719 866 3777 ruha
881 3738 951 3777 rum
968 3737 1001 3779 eo
1019 3715 1248 3780 liberalissime.

272 3821 404 3886 Scilicet
427 3821 508 3885 alias
532 3821 635 3884 vincit
658 3822 740 3884 ratio
764 3820 880 3905 logica,
911 3823 1007 3886 utin
1036 3823 1140 3907 primo
1168 3822 1253 3907 loco,

182 3927 262 3992 alias
279 3925 523 4016 psychologica,
548 3928 741 3993 attractione
758 3929 909 4014 admissa,
936 3940 970 3993 ut
993 3931 1028 3994 in
1044 3930 1146 3995 altero
1164 3930 1255 4015 locogs

181 4035 353 4100 eonsilium
388 4038 456 4101 eius
488 4037 543 4122 qui
578 4036 658 4101 dicit
694 4035 747 4101 vel
776 4036 890 4100 scribit
925 4047 957 4101 et
985 4038 1119 4123 quidam
1150 4020 1254 4103 animi

182 4154 287 4211 motus
311 4144 436 4208 faciunt
459 4144 554 4208 huius
576 4145 624 4209 rei
647 4167 804 4209 normam.
