2866 4762
611 273 824 336 „34-

184 449 214 513 6.
239 450 330 513 Inter
357 459 466 533 partes
495 451 655 514 enuntiati
683 451 814 514 relativi
837 460 973 535 possunt
1000 451 1163 536 interponi
1188 450 1254 514 duo

241 557 411 620 enuntiata
434 558 628 621 secundaria
652 557 797 621 eiusdem
821 558 956 621 ordinis:
983 580 1016 641 p.
1034 556 1167 621 anoiu.
1192 558 1253 638 483

185 663 214 727 7.
239 662 270 726 A
287 664 476 748 pronomine
493 664 631 729 relativo
648 665 810 749 incipiunt
831 664 895 728 duo
917 664 1087 728 enuntiata
1111 663 1253 728 relativa

239 770 384 834 eiusdem
413 771 547 853 ordinis,
582 793 718 856 quorum
749 772 922 856 posteriori
945 773 1164 857 interponitur
1189 772 1252 845 ¹vel

228 879 444 962 postponitur
468 879 672 942 enuntiatum
696 878 939 943 secundarium:
977 879 1017 942 de
1045 900 1090 942 or.
1119 878 1172 942 III
1189 879 1252 958 98;

184 984 214 1047 8.
238 984 302 1047 Pro
327 986 497 1048 enuntiato
521 985 714 1048 seoundario
730 981 863 1069 ponitur
884 1007 981 1070 saepe
1007 985 1126 1049 locutio
1151 988 1251 1071 parti-

239 1091 383 1178 oipiaIIs;
407 1091 449 1155 ad
473 1092 548 1155 fam.
574 1092 660 1156 VIII
687 1095 737 1175 11,
764 1095 793 1156 2.

574 1430 604 1486 4.
626 1427 861 1489 Aoonsativus.

275 1561 373 1626 Multi
389 1599 391 1603 ν
409 1572 483 1626 sunt
518 1562 581 1627 loei
615 1563 711 1627 huius
739 1565 868 1648 generis
898 1575 930 1628 et
962 1566 1105 1629 maxime
1143 1567 1254 1631 varias

183 1669 303 1732 formas
330 1669 501 1753 praebent.

236 1888 264 1928 a.
302 1865 561 1930 Enuntiatum
598 1866 872 1929 secundarium
907 1867 1190 1952 interponitur:

271 1991 351 2054 Pars
376 1993 463 2076 prior
487 2000 614 2054 tantum
638 1991 830 2075 pronomine
854 1990 992 2055 relativo
1017 1999 1161 2057 constat:

268 2120 300 2183 p.
320 2097 452 2177 Quinot.
471 2099 529 2162 28:
568 2099 733 2183 Erpnlsns
759 2148 766 2161 .
792 2146 798 2160 .
827 2097 1018 2176 Quinctius.
1044 2149 1051 2164 .
1078 2150 1085 2163 .
1110 2100 1254 2184 eonfnpic

179 2206 223 2268 ad
246 2205 278 2271 C.
296 2207 446 2269 Flaccum
472 2210 702 2289 imperatorem,
734 2208 791 2289 qui
817 2218 882 2269 tum
910 2219 978 2269 erut
1006 2208 1039 2269 ia
1064 2209 1253 2292 propincum

180 2335 281 2397 quem,
317 2326 353 2376 ut
370 2316 474 2398 ipsius
501 2316 641 2396 <liquitur
667 2315 779 2398 poscit,
813 2313 942 2375 lionoris
970 2317 1078 2397 pratia
1106 2318 1253 2390 nomino,-

178 2420 262 2484 Phil.
276 2420 381 2483 1117:
406 2420 537 2504 quem¹)‚
564 2422 640 2503 quin
667 2423 736 2483 iure
761 2423 791 2482 ei
815 2423 963 2483 iniuriosis
978 2421 1049 2502 fui,
1067 2422 1156 2484 doleo
1181 2446 1200 2484 a
1225 2436 1253 2485 te

180 2528 322 2591 omnibus
345 2530 432 2591 uitiis
457 2550 520 2591 6888
543 2541 742 2611 superarum

323 2630 391 2684 item
411 2629 444 2684 de
464 2649 502 2684 or.
521 2629 541 2696 I,
563 2630 628 2685 134:
649 2632 729 2700 (quos,
748 2630 823 2697 euru).

270 2778 351 2841 Pars
375 2778 464 2862 prior
486 2787 617 2862 praeter
644 2799 823 2863 pronomen
855 2775 1033 2839 relativum
1063 2777 1160 2840 etiam
1186 2776 1251 2840 alia

180 2895 273 2970 parte
297 2895 439 2950 constat:

270 2994 302 3056 in
319 2993 491 3057 Verr.AI
511 2994 568 3057 31:
606 3016 697 3076 quem
732 3015 787 3074 epo
822 2993 985 3072 hominem,
1023 2994 1052 3053 se'
1085 2994 1151 3054 eiua
1169 2993 1252 3072 fidei

272 3222 292 3288 ¹)
312 3220 365 3273 Hie
385 3220 459 3273 loeus
479 3219 559 3288 paulo
579 3218 657 3272 aliter
675 3217 774 3288 legitur
792 3218 820 3269 in
840 3216 992 3271 codicibus:

321 3327 400 3379 quem,
421 3310 480 3379 quio
500 3311 555 3360 iure
574 3309 598 3360 ei
613 3309 728 3360 iniruieus
742 3308 796 3375 fui.
817 3308 887 3359 doleo
907 3325 923 3358 o
937 3315 959 3359 te
979 3307 1091 3359 omnibus
1109 3306 1176 3358 uitiis
1194 3325 1249 3359 eum

249 3416 300 3450 6888
318 3405 464 3467 superatum
485 3396 555 3464 (eod.
576 3396 623 3460 Vl:

320 3505 399 3556 quenz,
429 3488 488 3557 putu
507 3488 562 3539 inre
581 3487 605 3538 ei
624 3487 640 3537 i.
655 3486 690 3553 f„
721 3486 771 3537 dol.
791 3503 808 3535 e
827 3493 849 3536 le
869 3502 934 3536 oum
953 3485 1021 3536 viliis
1039 3485 1091 3536 ium
1109 3502 1160 3536 6886
1178 3503 1250 3554 supe·

248 3586 333 3629 rutum
347 3576 388 3644 Ι(Ι)
408 3576 464 3630 sive
484 3593 631 3629 consensus
651 3575 730 3628 oodtl.
751 3575 870 3642 abgt);

267 3664 417 3719 Orellius
446 3683 594 3735 pronomen
624 3684 678 3717 euru
706 3682 754 3734 pro
784 3664 874 3734 spurio
905 3662 1006 3716 habens
1035 3663 1110 3715 unois
1135 3664 1249 3733 saepsit;

177 3753 253 3806 illum
272 3754 394 3825 sequitur
412 3754 436 3807 K
443 3773 588 3825 aysorus.

265 3842 449 3895 Muellerus
460 3843 500 3911 (C.
509 3842 610 3910 rw),
623 3842 764 3895 lectionem
777 3843 802 3893 in
813 3842 834 3894 l)
847 3840 992 3895 exhibitam
1004 3859 1064 3893 oum
1074 3841 1165 3910 magni
1175 3839 1249 3905 facit,

176 3933 282 3985 scribit:
321 3952 400 4003 prem,
423 3934 552 4003 primiore
574 3934 597 3985 ei
619 3935 634 3986 i.
649 3934 703 4001 sei.
732 3935 926 3985 8161668888.
958 3933 1024 3983 811118
1044 3933 1094 3983 iura
1117 3949 1168 3984 6888
1192 3949 1249 4000 serp).

176 4040 257 4091 quam
276 4020 418 4074 lectionem
440 4021 540 4076 Clark
560 4023 603 4083 (Α.
625 4024 666 4089 (l.)
686 4023 721 4073 (in
744 4022 861 4073 mlitione
881 4040 941 4071 suu:
972 4019 1069 4073 Oxonii
1099 4019 1179 4087 1900)
1199 4037 1249 4088 pro

176 4128 239 4162 vera
259 4108 346 4162 habet.
