2866 4762
617 239 829 302 -14-

208 412 252 476 ΙΙ.
289 412 372 477 Cum
402 415 607 479 enuntiatum
635 416 810 481 relativum
839 427 888 481 est
917 420 1122 484 enuntiatum
1146 441 1260 484 secun-

289 519 417 585 darium
441 530 474 586 et
497 523 586 587 notio
610 523 742 588 relativi
766 523 962 590 subauditur
985 526 1039 590 vel
1064 527 1260 613 exprimitur

289 649 322 691 m
346 629 518 713 primario:

349 735 447 800 Tusc.
465 736 547 821 disp.
565 736 601 798 Π
613 737 671 801 60:
696 760 787 823 quem
803 761 873 803 cnm
890 737 1052 803 Cleanthea
1068 754 1214 826 reparet.
1230 790 1258 804 ..
1316 811 1318 815 ,

349 845 531 928 respondit3
1283 855 1287 864 “

188 948 251 1012 ΙΙΙ.
287 949 334 1014 Ut
358 972 466 1035 supra,
496 950 554 1015 sed
582 952 670 1015 notio
694 951 825 1016 relativi
849 975 910 1017 nec
934 955 1074 1040 exprimi
1098 977 1158 1019 nec
1183 956 1259 1019 sub-

290 1057 397 1121 audiri
420 1067 528 1144 potest
552 1060 584 1122 in
610 1060 778 1124 enuntiato
802 1061 972 1146 primario:

350 1165 390 1230 de
412 1165 478 1230 div.
503 1165 595 1230 196:
621 1189 700 1250 quaa
724 1190 795 1231 cnm
817 1169 907 1232 uellet
927 1168 1098 1252 Lysander
1122 1191 1260 1233 commu-

348 1286 424 1354 tare,
449 1276 558 1338 eadem
581 1288 625 1338 eet
644 1274 826 1359 prohibitas
848 1277 1011 1360 reliqione.

280 1379 369 1459 Quas
386 1389 566 1445 structuras
582 1383 735 1466 quoniam
753 1404 850 1467 saepe
867 1383 1138 1466 commemorabo,
1163 1383 1260 1447 liceat

189 1488 332 1552 numeris
355 1487 482 1552 Latinis
507 1490 577 1553 hoc·
592 1488 687 1553 modo
711 1489 911 1574 significare:

447 1596 553 1681 prima
575 1595 668 1660 nobis
720 1598 762 1661 sit
786 1605 950 1662 structura
1000 1596 1017 1661 I
1099 1676 1102 1683 .

448 1704 594 1768 secunda
609 1705 704 1769 nohis
721 1704 764 1770 sit
788 1714 952 1770 structura
982 1704 1018 1769 II

447 1812 545 1875 tertia
567 1811 662 1877 nobis
719 1814 760 1878 sit
784 1821 948 1877 structura
963 1811 1026 1876 HI.

279 1935 409 2000 Deinde
445 1937 509 2001 iam
544 1960 632 2002 nune
671 1926 944 2003 animadvertere*
972 1937 1071 2001 velim
1113 1959 1261 2001 nonnun-

189 2063 287 2127 quam
303 2064 480 2128 pronomen
497 2044 682 2124 relativum,
708 2046 775 2108 vim
791 2045 1020 2109 correlativam
1036 2066 1110 2108 oum
1127 2043 1260 2123 habeat,

190 2151 370 2215 arctissime
405 2161 506 2215 totam
539 2152 859 2237 comprehensionem
887 2174 961 2216 cum
991 2151 1261 2216 antecedentibus

190 2259 397 2343 coniungere,
422 2269 459 2323 ut
482 2259 514 2322 in
539 2260 618 2323 locis
634 2280 733 2344 supra
756 2259 878 2324 allatis:
902 2259 944 2324 de
967 2281 1003 2322 re
1026 2281 1057 2344 p.
1076 2258 1093 2323 Ι
1118 2260 1136 2323 7
1162 2268 1194 2335 et
1219 2258 1261 2322 ad

187 2366 265 2447 usam.
291 2365 341 2430 VI
364 2368 394 2447 6,
420 2367 455 2446 53
490 2365 549 2430 sed
582 2365 685 2430 multo
718 2367 848 2452 saepius
880 2365 1055 2430 relativum
1091 2365 1260 2449 subiungit

190 2484 317 2539 tantum
339 2485 371 2538 et
391 2474 492 2538 refert
515 2474 557 2537 ad
580 2473 812 2559 praecedentia
837 2474 890 2538 vel
913 2474 955 2538 ad
980 2474 1161 2562 sequentia,
1186 2495 1261 2536 cum

190 2582 309 2667 quibus
333 2603 397 2645 non
422 2592 489 2645 tam
513 2589 602 2645 arcte
626 2580 948 2666 comprehensionem
970 2580 1149 2663 coniungit,
1173 2590 1210 2642 ut
1226 2581 1260 2642 in

191 2689 352 2774 exemplo,
385 2688 472 2774 quod
500 2710 599 2774 supra
626 2688 760 2771 legitur:
797 2687 840 2752 ad
867 2688 944 2752 fam.
975 2687 1059 2752 XVI
1085 2687 1137 2770 15,
1169 2688 1198 2769 1,
1228 2687 1261 2749 in

191 2819 255 2883 quo
279 2819 338 2882 pro
363 2797 501 2861 relativo
531 2797 824 2861 demonstrativum
859 2805 892 2860 et
925 2795 1088 2881 particula
1122 2807 1151 2858 et
1185 2795 1262 2880 poni

191 2913 312 2990 potest,
337 2939 380 2948 —-
405 2904 463 2968 sed
484 2904 565 2968 haec
582 2905 703 2989 exigua
719 2903 905 2979 differentia
920 2925 984 2968 non
1008 2901 1156 2988 impedit,
1182 2923 1261 2987 quo-

191 3014 299 3077 minus
316 3013 350 3077 in
371 3022 510 3098 utroque
531 3034 651 3096 genere
673 3011 788 3076 eadem
810 3012 851 3075 sit
867 3011 1022 3076 orationis
1039 3009 1260 3075 conformatio,

635 3487 761 3575 Caput
783 3487 813 3555 1.

283 3638 322 3701 In
346 3637 408 3701 hoc
436 3637 545 3722 capite
574 3634 727 3720 exempla
760 3633 930 3719 disponam
966 3640 998 3697 et
1031 3630 1262 3718 perscrutabor

193 3767 277 3830 quae
301 3753 498 3810 structuram
522 3742 539 3806 Ι
562 3741 730 3826 exhibent,
754 3750 806 3806 ut:

284 3852 325 3916 de
336 3852 420 3916 dom.
429 3851 508 3916 139:
523 3853 588 3934 qni,
601 3873 672 3913 cum
683 3871 753 3913 eum
764 3848 857 3912 malti
870 3898 876 3910 .
889 3896 895 3911 .
910 3899 916 3911 .
930 3848 1129 3932 impedirent,
1137 3848 1262 3909 restitit.

283 3961 408 4045 Aptum
444 3959 599 4026 duximus
631 3967 668 4021 ut
696 3958 730 4021 in
759 3955 969 4041 disponendis
996 3954 1075 4018 locis
1103 3953 1262 4017 rationem

194 4067 373 4132 habeamus
397 4089 491 4130 casus
515 4065 715 4152 pronominis
739 4063 870 4127 relativi
894 4085 914 4126 a
937 4084 1000 4148 quo
1017 4060 1262 4146 comprehensio
