<?xml version="1.0" encoding="UTF-8"?>
<!DOCTYPE html PUBLIC "-//W3C//DTD XHTML 1.0 Transitional//EN"
    "http://www.w3.org/TR/xhtml1/DTD/xhtml1-transitional.dtd">
<html xmlns="http://www.w3.org/1999/xhtml" xml:lang="en" lang="en">
 <head>
  <title>
</title>
<meta http-equiv="Content-Type" content="text/html;charset=utf-8" />
  <meta name='ocr-system' content='tesseract 3.04.00' />
  <meta name='ocr-capabilities' content='ocr_page ocr_carea ocr_par ocr_line ocrx_word'/>
</head>
<body>
  <div class='ocr_page' id='page_1' title='image "./decomprehension00mihagoog_0211.png"; bbox 0 0 2866 4762; ppageno 0'>
   <div class='ocr_carea' id='block_1_1' title="bbox 597 307 810 370">
    <p class='ocr_par' dir='ltr' id='par_1_1' title="bbox 597 307 810 370">
     <span class='ocr_line' id='line_1_1' title="bbox 597 307 810 370; baseline 0 0"><span class='ocrx_word' id='word_1_1' title='bbox 597 307 810 370; x_wconf 77' lang='lat'>-206-</span> 
     </span>
    </p>
   </div>
   <div class='ocr_carea' id='block_1_2' title="bbox 173 483 1254 1944">
    <p class='ocr_par' dir='ltr' id='par_1_2' title="bbox 173 483 1253 677">
     <span class='ocr_line' id='line_1_2' title="bbox 174 483 1253 570; baseline -0.001 -20"><span class='ocrx_word' id='word_1_2' title='bbox 174 562 176 567; x_wconf 33' lang='lat'>‚</span> <span class='ocrx_word' id='word_1_3' title='bbox 265 507 295 569; x_wconf 86' lang='lat' dir='ltr'>p.</span> <span class='ocrx_word' id='word_1_4' title='bbox 314 483 442 550; x_wconf 84' lang='lat' dir='ltr'>Cluent.</span> <span class='ocrx_word' id='word_1_5' title='bbox 461 485 518 549; x_wconf 88' lang='lat'>33:</span> <span class='ocrx_word' id='word_1_6' title='bbox 556 507 636 568; x_wconf 81' lang='lat' dir='ltr'>quoe</span> <span class='ocrx_word' id='word_1_7' title='bbox 671 507 742 548; x_wconf 81' lang='lat' dir='ltr'>oure</span> <span class='ocrx_word' id='word_1_8' title='bbox 776 508 807 547; x_wconf 90' lang='grc'>66</span> <span class='ocrx_word' id='word_1_9' title='bbox 843 507 906 548; x_wconf 90' lang='grc'><em>6666</em></span> <span class='ocrx_word' id='word_1_10' title='bbox 933 487 1106 570; x_wconf 71' lang='lat' dir='ltr'><em>respondit,</em></span> <span class='ocrx_word' id='word_1_11' title='bbox 1143 486 1182 548; x_wconf 83' lang='lat' dir='ltr'>ob</span> <span class='ocrx_word' id='word_1_12' title='bbox 1213 510 1253 549; x_wconf 89' lang='lat' dir='ltr'>eo</span> 
     </span>
     <span class='ocr_line' id='line_1_3' title="bbox 173 594 446 677; baseline 0 -21"><span class='ocrx_word' id='word_1_13' title='bbox 173 594 288 677; x_wconf 85' lang='lat' dir='ltr'>petivit</span> <span class='ocrx_word' id='word_1_14' title='bbox 310 602 342 656; x_wconf 90' lang='lat' dir='ltr'>et</span> <span class='ocrx_word' id='word_1_15' title='bbox 365 613 396 676; x_wconf 90' lang='lat' dir='ltr'>q.</span> <span class='ocrx_word' id='word_1_16' title='bbox 421 614 446 656; x_wconf 81' lang='lat' dir='ltr'>e.</span> 
     </span>
    </p>

    <p class='ocr_par' dir='ltr' id='par_1_3' title="bbox 176 698 1254 1106">
     <span class='ocr_line' id='line_1_4' title="bbox 266 698 1252 784; baseline 0.002 -22"><span class='ocrx_word' id='word_1_17' title='bbox 266 700 296 763; x_wconf 81' lang='lat'>2.</span> <span class='ocrx_word' id='word_1_18' title='bbox 321 698 361 762; x_wconf 90' lang='lat' dir='ltr'>In</span> <span class='ocrx_word' id='word_1_19' title='bbox 378 698 620 782; x_wconf 72' lang='lat' dir='ltr'>structuram,</span> <span class='ocrx_word' id='word_1_20' title='bbox 641 699 719 784; x_wconf 90' lang='lat' dir='ltr'>quia</span> <span class='ocrx_word' id='word_1_21' title='bbox 735 699 824 762; x_wconf 90' lang='lat' dir='ltr'>notio</span> <span class='ocrx_word' id='word_1_22' title='bbox 840 698 971 763; x_wconf 82' lang='lat' dir='ltr'>relativi</span> <span class='ocrx_word' id='word_1_23' title='bbox 987 721 1052 762; x_wconf 91' lang='lat' dir='ltr'>non</span> <span class='ocrx_word' id='word_1_24' title='bbox 1069 700 1108 763; x_wconf 90' lang='lat' dir='ltr'>ad</span> <span class='ocrx_word' id='word_1_25' title='bbox 1126 710 1252 764; x_wconf 85' lang='lat' dir='ltr'>utrum-</span> 
     </span>
     <span class='ocr_line' id='line_1_5' title="bbox 176 805 1251 891; baseline 0.003 -22"><span class='ocrx_word' id='word_1_26' title='bbox 176 828 240 890; x_wconf 90' lang='lat' dir='ltr'>que</span> <span class='ocrx_word' id='word_1_27' title='bbox 271 805 409 871; x_wconf 88' lang='lat' dir='ltr'>verbum</span> <span class='ocrx_word' id='word_1_28' title='bbox 433 814 570 891; x_wconf 89' lang='lat' dir='ltr'>spectat,</span> <span class='ocrx_word' id='word_1_29' title='bbox 595 815 702 890; x_wconf 88' lang='lat' dir='ltr'>potest</span> <span class='ocrx_word' id='word_1_30' title='bbox 729 807 810 889; x_wconf 90' lang='lat' dir='ltr'>fieri,</span> <span class='ocrx_word' id='word_1_31' title='bbox 842 819 879 870; x_wconf 91' lang='lat' dir='ltr'>ut</span> <span class='ocrx_word' id='word_1_32' title='bbox 907 807 1109 870; x_wconf 88' lang='lat' dir='ltr'>enuntiatum</span> <span class='ocrx_word' id='word_1_33' title='bbox 1134 830 1251 872; x_wconf 89' lang='lat' dir='ltr'>secun·</span> 
     </span>
     <span class='ocr_line' id='line_1_6' title="bbox 177 913 1254 1001; baseline 0.002 -23"><span class='ocrx_word' id='word_1_34' title='bbox 177 913 301 978; x_wconf 89' lang='lat' dir='ltr'>darium</span> <span class='ocrx_word' id='word_1_35' title='bbox 334 914 419 978; x_wconf 90' lang='lat' dir='ltr'>inter</span> <span class='ocrx_word' id='word_1_36' title='bbox 434 923 556 998; x_wconf 88' lang='lat' dir='ltr'>partes</span> <span class='ocrx_word' id='word_1_37' title='bbox 584 913 769 978; x_wconf 88' lang='lat' dir='ltr'>secundarii</span> <span class='ocrx_word' id='word_1_38' title='bbox 798 913 976 978; x_wconf 77' lang='lat' dir='ltr'>collocetur</span> <span class='ocrx_word' id='word_1_39' title='bbox 1002 914 1151 998; x_wconf 85' lang='lat' dir='ltr'>proxime</span> <span class='ocrx_word' id='word_1_40' title='bbox 1176 927 1254 1001; x_wconf 90' lang='lat' dir='ltr'>post</span> 
     </span>
     <span class='ocr_line' id='line_1_7' title="bbox 176 1020 1249 1106; baseline 0 -21"><span class='ocrx_word' id='word_1_41' title='bbox 176 1043 354 1106; x_wconf 87' lang='lat' dir='ltr'>pronomen</span> <span class='ocrx_word' id='word_1_42' title='bbox 370 1020 554 1103; x_wconf 89' lang='lat' dir='ltr'>relativum,</span> <span class='ocrx_word' id='word_1_43' title='bbox 573 1021 659 1105; x_wconf 89' lang='lat' dir='ltr'>quod</span> <span class='ocrx_word' id='word_1_44' title='bbox 677 1021 710 1084; x_wconf 91' lang='lat' dir='ltr'>in</span> <span class='ocrx_word' id='word_1_45' title='bbox 726 1030 889 1085; x_wconf 78' lang='lat' dir='ltr'>structura</span> <span class='ocrx_word' id='word_1_46' title='bbox 905 1021 939 1083; x_wconf 93' lang='grc' dir='ltr'>ΙΙ</span> <span class='ocrx_word' id='word_1_47' title='bbox 956 1021 1027 1084; x_wconf 90' lang='lat' dir='ltr'>fieri</span> <span class='ocrx_word' id='word_1_48' title='bbox 1043 1043 1109 1085; x_wconf 90' lang='lat' dir='ltr'>non</span> <span class='ocrx_word' id='word_1_49' title='bbox 1126 1032 1249 1105; x_wconf 74' lang='lat' dir='ltr'>potest,</span> 
     </span>
    </p>

    <p class='ocr_par' dir='ltr' id='par_1_4' title="bbox 178 1128 1251 1321">
     <span class='ocr_line' id='line_1_8' title="bbox 267 1128 1251 1213; baseline 0.002 -22"><span class='ocrx_word' id='word_1_50' title='bbox 267 1129 301 1191; x_wconf 90' lang='lat' dir='ltr'>in</span> <span class='ocrx_word' id='word_1_51' title='bbox 319 1128 393 1192; x_wconf 92' lang='lat' dir='ltr'>Vat.</span> <span class='ocrx_word' id='word_1_52' title='bbox 414 1128 470 1192; x_wconf 83' lang='lat'>16:</span> <span class='ocrx_word' id='word_1_53' title='bbox 496 1150 587 1212; x_wconf 81' lang='lat' dir='ltr'>qoem</span> <span class='ocrx_word' id='word_1_54' title='bbox 602 1140 636 1191; x_wconf 84' lang='grc'>16</span> <span class='ocrx_word' id='word_1_55' title='bbox 652 1130 845 1213; x_wconf 83' lang='lat' dir='ltr'>dirumperis</span> <span class='ocrx_word' id='word_1_56' title='bbox 862 1150 932 1191; x_wconf 83' lang='lat' dir='ltr'>com</span> <span class='ocrx_word' id='word_1_57' title='bbox 947 1129 1131 1191; x_wconf 81' lang='lat' dir='ltr'>aedilicium</span> <span class='ocrx_word' id='word_1_58' title='bbox 1146 1133 1251 1206; x_wconf 63' lang='lat' dir='ltr'>cidem·</span> 
     </span>
     <span class='ocr_line' id='line_1_9' title="bbox 178 1234 1251 1321; baseline 0.003 -23"><span class='ocrx_word' id='word_1_59' title='bbox 178 1259 208 1321; x_wconf 89' lang='lat' dir='ltr'>p.</span> <span class='ocrx_word' id='word_1_60' title='bbox 222 1234 334 1299; x_wconf 87' lang='lat' dir='ltr'>Rabir.</span> <span class='ocrx_word' id='word_1_61' title='bbox 348 1234 439 1318; x_wconf 90' lang='lat' dir='ltr'>perd.</span> <span class='ocrx_word' id='word_1_62' title='bbox 453 1235 510 1299; x_wconf 80' lang='lat'>24:</span> <span class='ocrx_word' id='word_1_63' title='bbox 526 1258 604 1319; x_wconf 81' lang='lat' dir='ltr'>qnos</span> <span class='ocrx_word' id='word_1_64' title='bbox 616 1238 847 1299; x_wconf 81' lang='lat' dir='ltr'>amentissimus</span> <span class='ocrx_word' id='word_1_65' title='bbox 852 1235 974 1317; x_wconf 82' lang='lat' dir='ltr'>fuisset</span> <span class='ocrx_word' id='word_1_66' title='bbox 985 1238 1015 1298; x_wconf 85' lang='lat' dir='ltr'>ai</span> <span class='ocrx_word' id='word_1_67' title='bbox 1026 1251 1251 1321; x_wconf 73' lang='lat' dir='ltr'>oppoponeret.</span> 
     </span>
    </p>

    <p class='ocr_par' dir='ltr' id='par_1_5' title="bbox 180 1341 1249 1643">
     <span class='ocr_line' id='line_1_10' title="bbox 268 1341 1249 1425; baseline 0.002 -20"><span class='ocrx_word' id='word_1_68' title='bbox 268 1342 299 1406; x_wconf 89' lang='lat'>3.</span> <span class='ocrx_word' id='word_1_69' title='bbox 335 1342 375 1405; x_wconf 89' lang='lat' dir='ltr'>In</span> <span class='ocrx_word' id='word_1_70' title='bbox 403 1350 566 1406; x_wconf 80' lang='lat' dir='ltr'>structura</span> <span class='ocrx_word' id='word_1_71' title='bbox 590 1341 652 1425; x_wconf 90' lang='lat' dir='ltr'>HI,</span> <span class='ocrx_word' id='word_1_72' title='bbox 681 1364 757 1407; x_wconf 90' lang='lat' dir='ltr'>cum</span> <span class='ocrx_word' id='word_1_73' title='bbox 783 1342 873 1407; x_wconf 91' lang='lat' dir='ltr'>notio</span> <span class='ocrx_word' id='word_1_74' title='bbox 901 1341 1032 1407; x_wconf 85' lang='lat' dir='ltr'>relativi</span> <span class='ocrx_word' id='word_1_75' title='bbox 1060 1351 1186 1407; x_wconf 89' lang='lat' dir='ltr'>tantum</span> <span class='ocrx_word' id='word_1_76' title='bbox 1216 1346 1249 1407; x_wconf 90' lang='lat' dir='ltr'>in</span> 
     </span>
     <span class='ocr_line' id='line_1_11' title="bbox 180 1449 1249 1534; baseline 0 -21"><span class='ocrx_word' id='word_1_77' title='bbox 180 1450 346 1513; x_wconf 91' lang='lat' dir='ltr'>enuntiato</span> <span class='ocrx_word' id='word_1_78' title='bbox 392 1449 583 1513; x_wconf 89' lang='lat' dir='ltr'>secundario</span> <span class='ocrx_word' id='word_1_79' title='bbox 622 1450 762 1514; x_wconf 87' lang='lat' dir='ltr'>occurrit</span> <span class='ocrx_word' id='word_1_80' title='bbox 800 1451 988 1534; x_wconf 91' lang='lat' dir='ltr'>saepissime</span> <span class='ocrx_word' id='word_1_81' title='bbox 1027 1450 1074 1532; x_wconf 89' lang='lat' dir='ltr'>fit,</span> <span class='ocrx_word' id='word_1_82' title='bbox 1122 1459 1156 1513; x_wconf 94' lang='lat' dir='ltr'>ut</span> <span class='ocrx_word' id='word_1_83' title='bbox 1191 1473 1249 1534; x_wconf 91' lang='lat' dir='ltr'>pro</span> 
     </span>
     <span class='ocr_line' id='line_1_12' title="bbox 180 1555 1248 1643; baseline 0.001 -23"><span class='ocrx_word' id='word_1_84' title='bbox 180 1556 346 1620; x_wconf 91' lang='lat' dir='ltr'>enuntiato</span> <span class='ocrx_word' id='word_1_85' title='bbox 362 1555 501 1620; x_wconf 90' lang='lat' dir='ltr'>relativo</span> <span class='ocrx_word' id='word_1_86' title='bbox 518 1556 682 1621; x_wconf 90' lang='lat' dir='ltr'>ablativus</span> <span class='ocrx_word' id='word_1_87' title='bbox 698 1556 865 1622; x_wconf 89' lang='lat' dir='ltr'>absolutus</span> <span class='ocrx_word' id='word_1_88' title='bbox 881 1557 936 1641; x_wconf 90' lang='lat' dir='ltr'>qui</span> <span class='ocrx_word' id='word_1_89' title='bbox 952 1556 1072 1621; x_wconf 88' lang='lat' dir='ltr'>dicitur</span> <span class='ocrx_word' id='word_1_90' title='bbox 1094 1570 1248 1643; x_wconf 87' lang='lat' dir='ltr'>ponatur:</span> 
     </span>
    </p>

    <p class='ocr_par' dir='ltr' id='par_1_6' title="bbox 270 1661 1251 1749">
     <span class='ocr_line' id='line_1_13' title="bbox 270 1661 1251 1749; baseline 0 -23"><span class='ocrx_word' id='word_1_91' title='bbox 270 1662 311 1727; x_wconf 89' lang='lat' dir='ltr'>ad</span> <span class='ocrx_word' id='word_1_92' title='bbox 335 1661 404 1727; x_wconf 86' lang='lat' dir='ltr'>Att.</span> <span class='ocrx_word' id='word_1_93' title='bbox 419 1663 487 1728; x_wconf 87' lang='lat' dir='ltr'>VH</span> <span class='ocrx_word' id='word_1_94' title='bbox 510 1664 540 1747; x_wconf 77' lang='lat'>2,</span> <span class='ocrx_word' id='word_1_95' title='bbox 558 1666 594 1728; x_wconf 85' lang='lat'>4:</span> <span class='ocrx_word' id='word_1_96' title='bbox 619 1686 684 1749; x_wconf 81' lang='lat' dir='ltr'>qno</span> <span class='ocrx_word' id='word_1_97' title='bbox 707 1663 831 1728; x_wconf 83' lang='lat' dir='ltr'>sublato</span> <span class='ocrx_word' id='word_1_98' title='bbox 854 1667 936 1727; x_wconf 87' lang='lat' dir='ltr'>oitoe</span> <span class='ocrx_word' id='word_1_99' title='bbox 960 1666 1091 1728; x_wconf 81' lang='lat' dir='ltr'>societas</span> <span class='ocrx_word' id='word_1_100' title='bbox 1116 1666 1251 1746; x_wconf 71' lang='lat' dir='ltr'>tollitur,</span> 
     </span>
    </p>

    <p class='ocr_par' dir='ltr' id='par_1_7' title="bbox 271 1769 1248 1855">
     <span class='ocr_line' id='line_1_14' title="bbox 271 1769 1248 1855; baseline 0 -20"><span class='ocrx_word' id='word_1_101' title='bbox 271 1769 366 1849; x_wconf 80' lang='lat' dir='ltr'>Quod</span> <span class='ocrx_word' id='word_1_102' title='bbox 390 1771 423 1834; x_wconf 93' lang='lat' dir='ltr'>in</span> <span class='ocrx_word' id='word_1_103' title='bbox 447 1780 609 1835; x_wconf 87' lang='lat' dir='ltr'>structura</span> <span class='ocrx_word' id='word_1_104' title='bbox 623 1771 658 1834; x_wconf 94' lang='grc' dir='ltr'>Π</span> <span class='ocrx_word' id='word_1_105' title='bbox 681 1793 812 1855; x_wconf 91' lang='lat' dir='ltr'>perraro</span> <span class='ocrx_word' id='word_1_106' title='bbox 837 1781 869 1834; x_wconf 90' lang='lat' dir='ltr'>et</span> <span class='ocrx_word' id='word_1_107' title='bbox 885 1793 943 1854; x_wconf 88' lang='lat' dir='ltr'>per</span> <span class='ocrx_word' id='word_1_108' title='bbox 959 1772 1188 1854; x_wconf 84' lang='lat' dir='ltr'>exceptionem</span> <span class='ocrx_word' id='word_1_109' title='bbox 1205 1773 1248 1835; x_wconf 90' lang='lat' dir='ltr'>fit.</span> 
     </span>
    </p>

    <p class='ocr_par' dir='ltr' id='par_1_8' title="bbox 269 1877 1252 1944">
     <span class='ocr_line' id='line_1_15' title="bbox 269 1877 1252 1944; baseline 0.001 -3"><span class='ocrx_word' id='word_1_110' title='bbox 269 1879 301 1942; x_wconf 88' lang='grc'>4.</span> <span class='ocrx_word' id='word_1_111' title='bbox 333 1877 505 1944; x_wconf 84' lang='lat' dir='ltr'>Structura</span> <span class='ocrx_word' id='word_1_112' title='bbox 520 1878 555 1941; x_wconf 92' lang='grc' dir='ltr'>ΙΙ</span> <span class='ocrx_word' id='word_1_113' title='bbox 578 1879 868 1943; x_wconf 88' lang='lat' dir='ltr'>conformationem</span> <span class='ocrx_word' id='word_1_114' title='bbox 885 1887 1066 1942; x_wconf 87' lang='lat' dir='ltr'>structurae</span> <span class='ocrx_word' id='word_1_115' title='bbox 1082 1879 1099 1941; x_wconf 89' lang='lat' dir='ltr'>I</span> <span class='ocrx_word' id='word_1_116' title='bbox 1124 1901 1252 1942; x_wconf 87' lang='lat' dir='ltr'>sumere</span> 
     </span>
    </p>
   </div>
   <div class='ocr_carea' id='block_1_3' title="bbox 181 1994 1157 2160">
    <p class='ocr_par' dir='ltr' id='par_1_9' title="bbox 181 1994 1157 2160">
     <span class='ocr_line' id='line_1_16' title="bbox 203 1994 303 2050; baseline 0.02 -2"><span class='ocrx_word' id='word_1_117' title='bbox 203 1994 303 2050; x_wconf 89' lang='lat' dir='ltr'>otest:</span> 
     </span>
     <span class='ocr_line' id='line_1_17' title="bbox 181 2006 1157 2160; baseline 0.001 -22"><span class='ocrx_word' id='word_1_118' title='bbox 181 2006 200 2069; x_wconf 79' lang='lat' dir='ltr'>p</span> <span class='ocrx_word' id='word_1_119' title='bbox 396 2097 467 2160; x_wconf 90' lang='lat' dir='ltr'>pro:</span> <span class='ocrx_word' id='word_1_120' title='bbox 495 2098 586 2159; x_wconf 81' lang='lat' dir='ltr'>qoem</span> <span class='ocrx_word' id='word_1_121' title='bbox 609 2098 679 2138; x_wconf 87' lang='lat' dir='ltr'>cum</span> <span class='ocrx_word' id='word_1_122' title='bbox 701 2075 795 2138; x_wconf 85' lang='lat' dir='ltr'>molti</span> <span class='ocrx_word' id='word_1_123' title='bbox 815 2076 1017 2160; x_wconf 78' lang='lat' dir='ltr'>impedirent,</span> <span class='ocrx_word' id='word_1_124' title='bbox 1040 2078 1157 2139; x_wconf 83' lang='lat' dir='ltr'>restitit</span> 
     </span>
    </p>
   </div>
   <div class='ocr_carea' id='block_1_4' title="bbox 150 2182 1256 2911">
    <p class='ocr_par' dir='ltr' id='par_1_10' title="bbox 181 2182 1063 2268">
     <span class='ocr_line' id='line_1_18' title="bbox 181 2182 1063 2268; baseline -0.003 -21"><span class='ocrx_word' id='word_1_125' title='bbox 181 2183 248 2247; x_wconf 88' lang='lat' dir='ltr'>dici</span> <span class='ocrx_word' id='word_1_126' title='bbox 272 2193 379 2268; x_wconf 89' lang='lat' dir='ltr'>potest</span> <span class='ocrx_word' id='word_1_127' title='bbox 403 2184 564 2247; x_wconf 89' lang='lat' dir='ltr'>sententia</span> <span class='ocrx_word' id='word_1_128' title='bbox 589 2182 658 2246; x_wconf 89' lang='lat' dir='ltr'>fere</span> <span class='ocrx_word' id='word_1_129' title='bbox 682 2183 811 2246; x_wconf 90' lang='lat' dir='ltr'>omnino</span> <span class='ocrx_word' id='word_1_130' title='bbox 836 2204 901 2245; x_wconf 91' lang='lat' dir='ltr'>non</span> <span class='ocrx_word' id='word_1_131' title='bbox 926 2190 1063 2245; x_wconf 91' lang='lat' dir='ltr'>mutata:</span> 
     </span>
    </p>

    <p class='ocr_par' dir='ltr' id='par_1_11' title="bbox 150 2291 1256 2911">
     <span class='ocr_line' id='line_1_19' title="bbox 397 2291 1140 2375; baseline 0 -22"><span class='ocrx_word' id='word_1_132' title='bbox 397 2294 462 2375; x_wconf 82' lang='lat' dir='ltr'>qui,</span> <span class='ocrx_word' id='word_1_133' title='bbox 487 2313 558 2353; x_wconf 86' lang='lat' dir='ltr'>com</span> <span class='ocrx_word' id='word_1_134' title='bbox 581 2312 651 2353; x_wconf 81' lang='grc'><em>6666</em></span> <span class='ocrx_word' id='word_1_135' title='bbox 672 2291 766 2353; x_wconf 84' lang='lat' dir='ltr'>molti</span> <span class='ocrx_word' id='word_1_136' title='bbox 788 2291 988 2374; x_wconf 80' lang='lat' dir='ltr'>impedirent,</span> <span class='ocrx_word' id='word_1_137' title='bbox 1011 2291 1140 2370; x_wconf 70' lang='lat' dir='ltr'>restitit,</span> 
     </span>
     <span class='ocr_line' id='line_1_20' title="bbox 183 2395 1256 2481; baseline -0.002 -21"><span class='ocrx_word' id='word_1_138' title='bbox 183 2398 216 2460; x_wconf 89' lang='lat' dir='ltr'>in</span> <span class='ocrx_word' id='word_1_139' title='bbox 233 2398 490 2462; x_wconf 89' lang='lat' dir='ltr'>conformatione</span> <span class='ocrx_word' id='word_1_140' title='bbox 514 2405 697 2461; x_wconf 83' lang='lat' dir='ltr'>structurae</span> <span class='ocrx_word' id='word_1_141' title='bbox 713 2396 766 2459; x_wconf 92' lang='grc' dir='ltr'>ΙΙΙ</span> <span class='ocrx_word' id='word_1_142' title='bbox 790 2408 913 2460; x_wconf 92' lang='lat' dir='ltr'>autem:</span> <span class='ocrx_word' id='word_1_143' title='bbox 939 2418 1050 2480; x_wconf 88' lang='lat' dir='ltr'>quam</span> <span class='ocrx_word' id='word_1_144' title='bbox 1074 2397 1105 2460; x_wconf 88' lang='lat' dir='ltr'>si</span> <span class='ocrx_word' id='word_1_145' title='bbox 1130 2395 1256 2481; x_wconf 87' lang='lat' dir='ltr'>expli·</span> 
     </span>
     <span class='ocr_line' id='line_1_21' title="bbox 150 2502 1256 2586; baseline -0.003 -18"><span class='ocrx_word' id='word_1_146' title='bbox 150 2503 153 2511; x_wconf 80' lang='grc'><strong><em>’</em></strong></span> <span class='ocrx_word' id='word_1_147' title='bbox 184 2506 372 2586; x_wconf 82' lang='lat' dir='ltr'>cavisset,</span> <span class='ocrx_word' id='word_1_148' title='bbox 396 2526 470 2567; x_wconf 92' lang='lat' dir='ltr'>non</span> <span class='ocrx_word' id='word_1_149' title='bbox 494 2511 644 2568; x_wconf 89' lang='lat' dir='ltr'>tantum</span> <span class='ocrx_word' id='word_1_150' title='bbox 661 2503 891 2586; x_wconf 81' lang='lat' dir='ltr'>haesitaret,</span> <span class='ocrx_word' id='word_1_151' title='bbox 917 2503 1004 2567; x_wconf 90' lang='lat' dir='ltr'>idem</span> <span class='ocrx_word' id='word_1_152' title='bbox 1022 2502 1256 2567; x_wconf 90' lang='lat' dir='ltr'>nullomodo</span> 
     </span>
     <span class='ocr_line' id='line_1_22' title="bbox 184 2609 1255 2696; baseline -0.002 -22"><span class='ocrx_word' id='word_1_153' title='bbox 184 2612 256 2674; x_wconf 90' lang='lat' dir='ltr'>fieri</span> <span class='ocrx_word' id='word_1_154' title='bbox 278 2621 393 2694; x_wconf 92' lang='lat' dir='ltr'>potest,</span> <span class='ocrx_word' id='word_1_155' title='bbox 418 2611 496 2696; x_wconf 88' lang='lat' dir='ltr'>quia</span> <span class='ocrx_word' id='word_1_156' title='bbox 518 2611 608 2675; x_wconf 91' lang='lat' dir='ltr'>notio</span> <span class='ocrx_word' id='word_1_157' title='bbox 633 2609 765 2675; x_wconf 89' lang='lat' dir='ltr'>relativi</span> <span class='ocrx_word' id='word_1_158' title='bbox 788 2633 853 2674; x_wconf 91' lang='lat' dir='ltr'>non</span> <span class='ocrx_word' id='word_1_159' title='bbox 878 2611 912 2674; x_wconf 91' lang='lat' dir='ltr'>in</span> <span class='ocrx_word' id='word_1_160' title='bbox 936 2620 1072 2695; x_wconf 90' lang='lat' dir='ltr'>utroque</span> <span class='ocrx_word' id='word_1_161' title='bbox 1089 2612 1255 2674; x_wconf 85' lang='lat' dir='ltr'>enuntiato</span> 
     </span>
     <span class='ocr_line' id='line_1_23' title="bbox 185 2717 1255 2803; baseline -0.002 -21"><span class='ocrx_word' id='word_1_162' title='bbox 185 2719 340 2799; x_wconf 66' lang='lat' dir='ltr'>occurrit,</span> <span class='ocrx_word' id='word_1_163' title='bbox 364 2719 398 2782; x_wconf 92' lang='lat' dir='ltr'>in</span> <span class='ocrx_word' id='word_1_164' title='bbox 422 2717 582 2803; x_wconf 88' lang='lat' dir='ltr'>exemplis</span> <span class='ocrx_word' id='word_1_165' title='bbox 606 2727 788 2783; x_wconf 87' lang='lat' dir='ltr'>structurae</span> <span class='ocrx_word' id='word_1_166' title='bbox 812 2719 865 2781; x_wconf 91' lang='grc' dir='ltr'>ΙΙΙ</span> <span class='ocrx_word' id='word_1_167' title='bbox 889 2719 923 2781; x_wconf 94' lang='lat' dir='ltr'>in</span> <span class='ocrx_word' id='word_1_168' title='bbox 947 2717 1066 2802; x_wconf 90' lang='lat' dir='ltr'>quibus</span> <span class='ocrx_word' id='word_1_169' title='bbox 1082 2718 1169 2781; x_wconf 87' lang='lat' dir='ltr'>idem</span> <span class='ocrx_word' id='word_1_170' title='bbox 1185 2718 1255 2781; x_wconf 90' lang='lat' dir='ltr'>fieri</span> 
     </span>
     <span class='ocr_line' id='line_1_24' title="bbox 184 2826 518 2911; baseline 0 -21"><span class='ocrx_word' id='word_1_171' title='bbox 184 2849 279 2911; x_wconf 90' lang='lat' dir='ltr'>posse</span> <span class='ocrx_word' id='word_1_172' title='bbox 304 2826 443 2908; x_wconf 89' lang='lat' dir='ltr'>videtur,</span> <span class='ocrx_word' id='word_1_173' title='bbox 470 2837 518 2890; x_wconf 92' lang='lat' dir='ltr'>ut:</span> 
     </span>
    </p>
   </div>
   <div class='ocr_carea' id='block_1_5' title="bbox 186 2949 1260 4219">
    <p class='ocr_par' dir='ltr' id='par_1_12' title="bbox 186 2949 1258 3447">
     <span class='ocr_line' id='line_1_25' title="bbox 275 2949 1255 3036; baseline -0.004 -21"><span class='ocrx_word' id='word_1_174' title='bbox 275 2950 386 3016; x_wconf 90' lang='lat' dir='ltr'>defin.</span> <span class='ocrx_word' id='word_1_175' title='bbox 404 2951 507 3015; x_wconf 85' lang='lat'>1119:</span> <span class='ocrx_word' id='word_1_176' title='bbox 534 2949 642 3036; x_wconf 87' lang='lat' dir='ltr'>(puer)</span> <span class='ocrx_word' id='word_1_177' title='bbox 665 2952 755 3034; x_wconf 76' lang='lat' dir='ltr'>infici</span> <span class='ocrx_word' id='word_1_178' title='bbox 776 2950 863 3014; x_wconf 83' lang='lat' dir='ltr'>debet</span> <span class='ocrx_word' id='word_1_179' title='bbox 885 2953 927 3013; x_wconf 83' lang='lat' dir='ltr'>iis</span> <span class='ocrx_word' id='word_1_180' title='bbox 951 2950 1084 3030; x_wconf 79' lang='lat' dir='ltr'>ortibus,</span> <span class='ocrx_word' id='word_1_181' title='bbox 1111 2973 1190 3034; x_wconf 80' lang='lat' dir='ltr'>qnos</span> <span class='ocrx_word' id='word_1_182' title='bbox 1216 3001 1222 3015; x_wconf 89' lang='lat'><strong>.</strong></span> <span class='ocrx_word' id='word_1_183' title='bbox 1248 2998 1255 3011; x_wconf 94' lang='lat'><strong>.</strong></span> 
     </span>
     <span class='ocr_line' id='line_1_26' title="bbox 186 3058 951 3143; baseline -0.004 -20"><span class='ocrx_word' id='word_1_184' title='bbox 186 3062 215 3123; x_wconf 85' lang='lat' dir='ltr'>ai</span> <span class='ocrx_word' id='word_1_185' title='bbox 237 3058 428 3139; x_wconf 81' lang='lat' dir='ltr'>combiberit,</span> <span class='ocrx_word' id='word_1_186' title='bbox 454 3061 497 3122; x_wconf 89' lang='lat' dir='ltr'>od</span> <span class='ocrx_word' id='word_1_187' title='bbox 519 3061 645 3123; x_wconf 90' lang='lat' dir='ltr'>moioro</span> <span class='ocrx_word' id='word_1_188' title='bbox 667 3060 768 3122; x_wconf 84' lang='lat' dir='ltr'>reniet</span> <span class='ocrx_word' id='word_1_189' title='bbox 786 3060 951 3143; x_wconf 80' lang='lat' dir='ltr'>poroti0r3</span> 
     </span>
     <span class='ocr_line' id='line_1_27' title="bbox 186 3165 1255 3249; baseline -0.005 -18"><span class='ocrx_word' id='word_1_190' title='bbox 186 3167 214 3231; x_wconf 88' lang='lat' dir='ltr'>si</span> <span class='ocrx_word' id='word_1_191' title='bbox 249 3178 429 3231; x_wconf 90' lang='lat' dir='ltr'>structurae</span> <span class='ocrx_word' id='word_1_192' title='bbox 457 3166 492 3229; x_wconf 91' lang='lat' dir='ltr'><strong>H</strong></span> <span class='ocrx_word' id='word_1_193' title='bbox 528 3165 741 3231; x_wconf 89' lang='lat' dir='ltr'>conformatio</span> <span class='ocrx_word' id='word_1_194' title='bbox 777 3166 826 3229; x_wconf 91' lang='lat' dir='ltr'>fit:</span> <span class='ocrx_word' id='word_1_195' title='bbox 868 3165 1023 3249; x_wconf 91' lang='lat' dir='ltr'>quibus,</span> <span class='ocrx_word' id='word_1_196' title='bbox 1060 3165 1091 3227; x_wconf 91' lang='lat' dir='ltr'>si</span> <span class='ocrx_word' id='word_1_197' title='bbox 1126 3186 1191 3227; x_wconf 87' lang='lat' dir='ltr'>eas</span> <span class='ocrx_word' id='word_1_198' title='bbox 1217 3213 1255 3227; x_wconf 93' lang='lat'>..</span> 
     </span>
     <span class='ocr_line' id='line_1_28' title="bbox 187 3272 1258 3360; baseline -0.007 -20"><span class='ocrx_word' id='word_1_199' title='bbox 187 3276 421 3340; x_wconf 91' lang='lat' dir='ltr'>combiberit</span> <span class='ocrx_word' id='word_1_200' title='bbox 445 3284 477 3339; x_wconf 91' lang='lat' dir='ltr'>et</span> <span class='ocrx_word' id='word_1_201' title='bbox 497 3296 527 3360; x_wconf 93' lang='lat' dir='ltr'>q.</span> <span class='ocrx_word' id='word_1_202' title='bbox 545 3297 569 3338; x_wconf 91' lang='lat' dir='ltr'>s.</span> <span class='ocrx_word' id='word_1_203' title='bbox 586 3297 652 3338; x_wconf 92' lang='lat' dir='ltr'>non</span> <span class='ocrx_word' id='word_1_204' title='bbox 670 3282 769 3356; x_wconf 89' lang='lat' dir='ltr'>reete,</span> <span class='ocrx_word' id='word_1_205' title='bbox 793 3296 868 3337; x_wconf 89' lang='lat' dir='ltr'>nam</span> <span class='ocrx_word' id='word_1_206' title='bbox 886 3272 1081 3358; x_wconf 90' lang='lat' dir='ltr'>permultum</span> <span class='ocrx_word' id='word_1_207' title='bbox 1099 3272 1258 3336; x_wconf 86' lang='lat' dir='ltr'>sententia</span> 
     </span>
     <span class='ocr_line' id='line_1_29' title="bbox 187 3393 340 3447; baseline 0 -1"><span class='ocrx_word' id='word_1_208' title='bbox 187 3393 340 3447; x_wconf 87' lang='lat' dir='ltr'>mutatur.</span> 
     </span>
    </p>

    <p class='ocr_par' dir='ltr' id='par_1_13' title="bbox 188 3485 1258 3898">
     <span class='ocr_line' id='line_1_30' title="bbox 277 3485 1257 3555; baseline -0.009 0"><span class='ocrx_word' id='word_1_209' title='bbox 277 3490 308 3555; x_wconf 85' lang='lat'>5.</span> <span class='ocrx_word' id='word_1_210' title='bbox 345 3488 429 3554; x_wconf 78' lang='lat' dir='ltr'>Cum</span> <span class='ocrx_word' id='word_1_211' title='bbox 457 3499 620 3554; x_wconf 89' lang='lat' dir='ltr'>structura</span> <span class='ocrx_word' id='word_1_212' title='bbox 643 3488 678 3552; x_wconf 94' lang='grc' dir='ltr'>ΙΙ</span> <span class='ocrx_word' id='word_1_213' title='bbox 712 3488 1002 3553; x_wconf 87' lang='lat' dir='ltr'>conformationem</span> <span class='ocrx_word' id='word_1_214' title='bbox 1036 3485 1257 3550; x_wconf 86' lang='lat' dir='ltr'>structurael</span> 
     </span>
     <span class='ocr_line' id='line_1_31' title="bbox 189 3591 1257 3681; baseline -0.007 -19"><span class='ocrx_word' id='word_1_215' title='bbox 189 3619 316 3663; x_wconf 89' lang='lat' dir='ltr'>sumere</span> <span class='ocrx_word' id='word_1_216' title='bbox 345 3607 462 3680; x_wconf 87' lang='lat' dir='ltr'>potest,</span> <span class='ocrx_word' id='word_1_217' title='bbox 491 3597 646 3681; x_wconf 90' lang='lat' dir='ltr'>sequitur,</span> <span class='ocrx_word' id='word_1_218' title='bbox 676 3618 748 3659; x_wconf 89' lang='lat' dir='ltr'>eam</span> <span class='ocrx_word' id='word_1_219' title='bbox 777 3596 876 3660; x_wconf 90' lang='lat' dir='ltr'>etiam</span> <span class='ocrx_word' id='word_1_220' title='bbox 901 3616 1012 3658; x_wconf 89' lang='lat' dir='ltr'>omnes</span> <span class='ocrx_word' id='word_1_221' title='bbox 1036 3602 1218 3657; x_wconf 88' lang='lat' dir='ltr'>structurae</span> <span class='ocrx_word' id='word_1_222' title='bbox 1242 3591 1257 3652; x_wconf 88' lang='lat' dir='ltr'>I</span> 
     </span>
     <span class='ocr_line' id='line_1_32' title="bbox 188 3701 1258 3789; baseline -0.007 -20"><span class='ocrx_word' id='word_1_223' title='bbox 188 3705 308 3769; x_wconf 89' lang='lat' dir='ltr'>formas</span> <span class='ocrx_word' id='word_1_224' title='bbox 343 3705 464 3769; x_wconf 91' lang='lat' dir='ltr'>habere</span> <span class='ocrx_word' id='word_1_225' title='bbox 496 3726 604 3789; x_wconf 74' lang='lat' dir='ltr'>posse3</span> <span class='ocrx_word' id='word_1_226' title='bbox 640 3705 751 3788; x_wconf 90' lang='lat' dir='ltr'>itaque</span> <span class='ocrx_word' id='word_1_227' title='bbox 780 3713 910 3788; x_wconf 90' lang='lat' dir='ltr'>praeter</span> <span class='ocrx_word' id='word_1_228' title='bbox 939 3701 1030 3783; x_wconf 89' lang='lat' dir='ltr'>alias,</span> <span class='ocrx_word' id='word_1_229' title='bbox 1055 3701 1258 3764; x_wconf 88' lang='lat' dir='ltr'>enuntiatum</span> 
     </span>
     <span class='ocr_line' id='line_1_33' title="bbox 190 3811 735 3898; baseline -0.004 -21"><span class='ocrx_word' id='word_1_230' title='bbox 190 3811 415 3877; x_wconf 88' lang='lat' dir='ltr'>secundarium</span> <span class='ocrx_word' id='word_1_231' title='bbox 442 3813 590 3897; x_wconf 85' lang='lat' dir='ltr'>postponi</span> <span class='ocrx_word' id='word_1_232' title='bbox 614 3821 735 3898; x_wconf 88' lang='lat' dir='ltr'>potest:</span> 
     </span>
    </p>

    <p class='ocr_par' dir='ltr' id='par_1_14' title="bbox 298 3915 1260 4004">
     <span class='ocr_line' id='line_1_34' title="bbox 298 3915 1260 4004; baseline -0.007 -21"><span class='ocrx_word' id='word_1_233' title='bbox 298 3942 340 3983; x_wconf 85' lang='lat' dir='ltr'>ex</span> <span class='ocrx_word' id='word_1_234' title='bbox 356 3921 474 3984; x_wconf 89' lang='lat' dir='ltr'>forma:</span> <span class='ocrx_word' id='word_1_235' title='bbox 493 3942 602 4004; x_wconf 91' lang='lat' dir='ltr'>quem</span> <span class='ocrx_word' id='word_1_236' title='bbox 619 3941 701 3982; x_wconf 90' lang='lat' dir='ltr'>eum</span> <span class='ocrx_word' id='word_1_237' title='bbox 718 3917 829 3982; x_wconf 91' lang='lat' dir='ltr'>multi</span> <span class='ocrx_word' id='word_1_238' title='bbox 845 3916 1092 4002; x_wconf 79' lang='lat' dir='ltr'>impedirent,</span> <span class='ocrx_word' id='word_1_239' title='bbox 1110 3915 1260 3978; x_wconf 86' lang='lat' dir='ltr'>restitit</span> 
     </span>
    </p>

    <p class='ocr_par' dir='ltr' id='par_1_15' title="bbox 297 4022 1258 4112">
     <span class='ocr_line' id='line_1_35' title="bbox 297 4022 1258 4112; baseline -0.007 -22"><span class='ocrx_word' id='word_1_240' title='bbox 297 4037 404 4112; x_wconf 90' lang='lat' dir='ltr'>potest</span> <span class='ocrx_word' id='word_1_241' title='bbox 430 4027 515 4092; x_wconf 87' lang='lat' dir='ltr'>fieri:</span> <span class='ocrx_word' id='word_1_242' title='bbox 552 4027 630 4112; x_wconf 91' lang='lat' dir='ltr'>qui,</span> <span class='ocrx_word' id='word_1_243' title='bbox 666 4048 750 4090; x_wconf 92' lang='lat' dir='ltr'>cum</span> <span class='ocrx_word' id='word_1_244' title='bbox 786 4047 867 4089; x_wconf 91' lang='lat' dir='ltr'>eum</span> <span class='ocrx_word' id='word_1_245' title='bbox 896 4048 938 4087; x_wconf 90' lang='lat' dir='ltr'>m.</span> <span class='ocrx_word' id='word_1_246' title='bbox 968 4024 1064 4107; x_wconf 75' lang='lat' dir='ltr'>imp,</span> <span class='ocrx_word' id='word_1_247' title='bbox 1094 4022 1258 4100; x_wconf 85' lang='lat' dir='ltr'>restitit,</span> 
     </span>
    </p>

    <p class='ocr_par' dir='ltr' id='par_1_16' title="bbox 299 4129 1258 4219">
     <span class='ocr_line' id='line_1_36' title="bbox 299 4129 1258 4219; baseline -0.007 -21"><span class='ocrx_word' id='word_1_248' title='bbox 299 4157 342 4198; x_wconf 85' lang='lat' dir='ltr'>ex</span> <span class='ocrx_word' id='word_1_249' title='bbox 354 4135 429 4199; x_wconf 89' lang='lat' dir='ltr'>hac:</span> <span class='ocrx_word' id='word_1_250' title='bbox 449 4134 691 4219; x_wconf 90' lang='lat' dir='ltr'>quirestitit,</span> <span class='ocrx_word' id='word_1_251' title='bbox 705 4156 786 4198; x_wconf 91' lang='lat' dir='ltr'>cum</span> <span class='ocrx_word' id='word_1_252' title='bbox 800 4131 1004 4196; x_wconf 91' lang='lat' dir='ltr'>multieum</span> <span class='ocrx_word' id='word_1_253' title='bbox 1018 4129 1258 4214; x_wconf 86' lang='lat' dir='ltr'>impedirent.</span> 
     </span>
    </p>
   </div>
   <div class='ocr_carea' id='block_1_6' title="bbox 0 0 1460 4762">
    <p class='ocr_par' dir='ltr' id='par_1_17' title="bbox 0 0 1460 4762">
     <span class='ocr_line' id='line_1_37' title="bbox 0 0 1460 4762; baseline 0 0"><span class='ocrx_word' id='word_1_254' title='bbox 0 0 1460 4762; x_wconf 95' lang='lat' dir='ltr'> </span> 
     </span>
    </p>
   </div>
  </div>
 </body>
</html>
