<?xml version="1.0" encoding="UTF-8"?>
<!DOCTYPE html PUBLIC "-//W3C//DTD XHTML 1.0 Transitional//EN"
    "http://www.w3.org/TR/xhtml1/DTD/xhtml1-transitional.dtd">
<html xmlns="http://www.w3.org/1999/xhtml" xml:lang="en" lang="en">
 <head>
  <title>
</title>
<meta http-equiv="Content-Type" content="text/html;charset=utf-8" />
  <meta name='ocr-system' content='tesseract 3.04.00' />
  <meta name='ocr-capabilities' content='ocr_page ocr_carea ocr_par ocr_line ocrx_word'/>
</head>
<body>
  <div class='ocr_page' id='page_1' title='image "./decomprehension00mihagoog_0051.png"; bbox 0 0 2866 4762; ppageno 0'>
   <div class='ocr_carea' id='block_1_1' title="bbox 602 260 815 324">
    <p class='ocr_par' dir='ltr' id='par_1_1' title="bbox 602 260 815 324">
     <span class='ocr_line' id='line_1_1' title="bbox 602 260 815 324; baseline -0.005 -22"><span class='ocrx_word' id='word_1_1' title='bbox 602 260 815 324; x_wconf 66' lang='lat'>..46-</span> 
     </span>
    </p>
   </div>
   <div class='ocr_carea' id='block_1_2' title="bbox 81 435 1253 3848">
    <p class='ocr_par' dir='ltr' id='par_1_2' title="bbox 178 435 1253 1896">
     <span class='ocr_line' id='line_1_2' title="bbox 182 435 1252 520; baseline 0.002 -20"><span class='ocrx_word' id='word_1_2' title='bbox 182 437 297 517; x_wconf 89' lang='lat' dir='ltr'><strong>„bums</strong></span> <span class='ocrx_word' id='word_1_3' title='bbox 320 438 379 500; x_wconf 89' lang='lat' dir='ltr'><strong>mit</strong></span> <span class='ocrx_word' id='word_1_4' title='bbox 403 438 452 501; x_wconf 91' lang='lat' dir='ltr'><strong>ins</strong></span> <span class='ocrx_word' id='word_1_5' title='bbox 477 435 692 502; x_wconf 86' lang='lat' dir='ltr'><strong>Bewusstsein.</strong></span> <span class='ocrx_word' id='word_1_6' title='bbox 726 438 806 501; x_wconf 87' lang='lat' dir='ltr'><strong>Dies</strong></span> <span class='ocrx_word' id='word_1_7' title='bbox 823 436 949 520; x_wconf 88' lang='lat' dir='ltr'><strong>Objekt</strong></span> <span class='ocrx_word' id='word_1_8' title='bbox 965 437 1047 502; x_wconf 91' lang='lat' dir='ltr'><strong>wird</strong></span> <span class='ocrx_word' id='word_1_9' title='bbox 1071 460 1137 502; x_wconf 89' lang='lat' dir='ltr'><strong>nun</strong></span> <span class='ocrx_word' id='word_1_10' title='bbox 1162 461 1252 502; x_wconf 86' lang='lat' dir='ltr'><strong>zwar</strong></span> 
     </span>
     <span class='ocr_line' id='line_1_3' title="bbox 181 544 1253 630; baseline 0.002 -22"><span class='ocrx_word' id='word_1_11' title='bbox 181 545 259 621; x_wconf 87' lang='lat' dir='ltr'><strong>„der</strong></span> <span class='ocrx_word' id='word_1_12' title='bbox 293 545 564 629; x_wconf 85' lang='lat' dir='ltr'><strong>grammatischen</strong></span> <span class='ocrx_word' id='word_1_13' title='bbox 601 546 700 610; x_wconf 80' lang='lat' dir='ltr'><strong>Form</strong></span> <span class='ocrx_word' id='word_1_14' title='bbox 735 545 820 609; x_wconf 87' lang='lat' dir='ltr'><strong>nach</strong></span> <span class='ocrx_word' id='word_1_15' title='bbox 839 545 953 609; x_wconf 87' lang='lat' dir='ltr'><strong>.durch</strong></span> <span class='ocrx_word' id='word_1_16' title='bbox 983 544 1036 609; x_wconf 90' lang='lat' dir='ltr'><strong>die</strong></span> <span class='ocrx_word' id='word_1_17' title='bbox 1060 567 1164 630; x_wconf 82' lang='lat' dir='ltr'><strong>ganza</strong></span> <span class='ocrx_word' id='word_1_18' title='bbox 1188 546 1253 610; x_wconf 78' lang='lat' dir='ltr'><strong>fol·-</strong></span> 
     </span>
     <span class='ocr_line' id='line_1_4' title="bbox 181 651 1249 736; baseline 0 -20"><span class='ocrx_word' id='word_1_19' title='bbox 181 652 305 735; x_wconf 82' lang='lat' dir='ltr'><strong>„gendo</strong></span> <span class='ocrx_word' id='word_1_20' title='bbox 332 652 434 716; x_wconf 91' lang='lat' dir='ltr'><strong>Reihe</strong></span> <span class='ocrx_word' id='word_1_21' title='bbox 469 675 580 736; x_wconf 84' lang='lat' dir='ltr'><strong>quam</strong></span> <span class='ocrx_word' id='word_1_22' title='bbox 615 652 749 716; x_wconf 89' lang='lat' dir='ltr'><strong>tardus</strong></span> <span class='ocrx_word' id='word_1_23' title='bbox 778 652 830 716; x_wconf 88' lang='lat' dir='ltr'><strong>sit</strong></span> <span class='ocrx_word' id='word_1_24' title='bbox 853 651 1066 716; x_wconf 80' lang='lat' dir='ltr'><strong>Marcellus</strong></span> <span class='ocrx_word' id='word_1_25' title='bbox 1089 653 1249 736; x_wconf 85' lang='lat' dir='ltr'><strong>gebildet.</strong></span> 
     </span>
     <span class='ocr_line' id='line_1_5' title="bbox 180 758 1247 844; baseline 0.003 -23"><span class='ocrx_word' id='word_1_26' title='bbox 180 758 298 840; x_wconf 84' lang='lat' dir='ltr'><strong>„Diese</strong></span> <span class='ocrx_word' id='word_1_27' title='bbox 332 758 658 844; x_wconf 80' lang='lat' dir='ltr'><strong>Vorstellungsweise</strong></span> <span class='ocrx_word' id='word_1_28' title='bbox 697 759 777 823; x_wconf 93' lang='lat' dir='ltr'><strong>aber</strong></span> <span class='ocrx_word' id='word_1_29' title='bbox 815 760 873 824; x_wconf 86' lang='lat' dir='ltr'><strong>hat</strong></span> <span class='ocrx_word' id='word_1_30' title='bbox 911 768 1011 824; x_wconf 81' lang='lat' dir='ltr'><strong>etwas</strong></span> <span class='ocrx_word' id='word_1_31' title='bbox 1035 758 1247 826; x_wconf 86' lang='lat' dir='ltr'><strong>Abstraktes.</strong></span> 
     </span>
     <span class='ocr_line' id='line_1_6' title="bbox 180 867 1249 951; baseline 0.004 -22"><span class='ocrx_word' id='word_1_32' title='bbox 180 867 298 947; x_wconf 88' lang='lat' dir='ltr'><strong>„Denn</strong></span> <span class='ocrx_word' id='word_1_33' title='bbox 323 867 365 932; x_wconf 86' lang='lat' dir='ltr'><strong>da</strong></span> <span class='ocrx_word' id='word_1_34' title='bbox 381 867 439 931; x_wconf 88' lang='lat' dir='ltr'><strong>der</strong></span> <span class='ocrx_word' id='word_1_35' title='bbox 454 867 565 931; x_wconf 86' lang='lat' dir='ltr'><strong>Inhalt</strong></span> <span class='ocrx_word' id='word_1_36' title='bbox 588 867 645 932; x_wconf 86' lang='lat' dir='ltr'><strong>des</strong></span> <span class='ocrx_word' id='word_1_37' title='bbox 662 867 775 933; x_wconf 85' lang='lat' dir='ltr'><strong>Satzes</strong></span> <span class='ocrx_word' id='word_1_38' title='bbox 800 867 976 951; x_wconf 85' lang='lat' dir='ltr'><strong>eigentlich</strong></span> <span class='ocrx_word' id='word_1_39' title='bbox 1000 869 1044 931; x_wconf 89' lang='lat' dir='ltr'><strong>im</strong></span> <span class='ocrx_word' id='word_1_40' title='bbox 1065 868 1249 933; x_wconf 79' lang='lat' dir='ltr'><strong>Pradikate</strong></span> 
     </span>
     <span class='ocr_line' id='line_1_7' title="bbox 180 974 1248 1059; baseline 0.003 -22"><span class='ocrx_word' id='word_1_41' title='bbox 180 974 288 1058; x_wconf 71' lang='lat' dir='ltr'><strong>„liegt</strong></span> <span class='ocrx_word' id='word_1_42' title='bbox 326 997 360 1038; x_wconf 93' lang='lat' dir='ltr'><strong>so</strong></span> <span class='ocrx_word' id='word_1_43' title='bbox 395 976 437 1039; x_wconf 90' lang='lat' dir='ltr'><strong>ist</strong></span> <span class='ocrx_word' id='word_1_44' title='bbox 472 975 543 1038; x_wconf 89' lang='lat' dir='ltr'><strong>hier</strong></span> <span class='ocrx_word' id='word_1_45' title='bbox 577 976 662 1039; x_wconf 92' lang='lat' dir='ltr'><strong>auch</strong></span> <span class='ocrx_word' id='word_1_46' title='bbox 692 974 751 1039; x_wconf 88' lang='lat' dir='ltr'><strong>das</strong></span> <span class='ocrx_word' id='word_1_47' title='bbox 775 975 923 1040; x_wconf 89' lang='lat' dir='ltr'><strong>Verbum</strong></span> <span class='ocrx_word' id='word_1_48' title='bbox 947 975 1005 1039; x_wconf 91' lang='lat' dir='ltr'><strong>der</strong></span> <span class='ocrx_word' id='word_1_49' title='bbox 1028 974 1248 1059; x_wconf 86' lang='lat' dir='ltr'><strong>angelehnten</strong></span> 
     </span>
     <span class='ocr_line' id='line_1_8' title="bbox 181 1081 1249 1168; baseline 0.003 -23"><span class='ocrx_word' id='word_1_50' title='bbox 181 1082 303 1166; x_wconf 81' lang='lat' dir='ltr'><strong>„Reihe</strong></span> <span class='ocrx_word' id='word_1_51' title='bbox 327 1082 463 1147; x_wconf 86' lang='lat' dir='ltr'><strong>tardus</strong></span> <span class='ocrx_word' id='word_1_52' title='bbox 487 1091 545 1146; x_wconf 87' lang='lat' dir='ltr'><strong>est</strong></span> <span class='ocrx_word' id='word_1_53' title='bbox 563 1082 690 1166; x_wconf 89' lang='lat' dir='ltr'><strong>Objekt</strong></span> <span class='ocrx_word' id='word_1_54' title='bbox 714 1082 771 1147; x_wconf 90' lang='lat' dir='ltr'><strong>des</strong></span> <span class='ocrx_word' id='word_1_55' title='bbox 788 1081 950 1146; x_wconf 90' lang='lat' dir='ltr'><strong>Verbums</strong></span> <span class='ocrx_word' id='word_1_56' title='bbox 967 1082 1026 1146; x_wconf 91' lang='lat' dir='ltr'><strong>der</strong></span> <span class='ocrx_word' id='word_1_57' title='bbox 1042 1082 1249 1168; x_wconf 87' lang='lat' dir='ltr'><strong>Hauptreihe</strong></span> 
     </span>
     <span class='ocr_line' id='line_1_9' title="bbox 181 1188 1249 1273; baseline 0.001 -20"><span class='ocrx_word' id='word_1_58' title='bbox 181 1191 319 1271; x_wconf 80' lang='lat' dir='ltr'><strong>„nosti3</strong></span> <span class='ocrx_word' id='word_1_59' title='bbox 345 1191 402 1254; x_wconf 86' lang='lat' dir='ltr'><strong>das</strong></span> <span class='ocrx_word' id='word_1_60' title='bbox 426 1191 469 1254; x_wconf 88' lang='lat' dir='ltr'><strong>ist</strong></span> <span class='ocrx_word' id='word_1_61' title='bbox 492 1190 664 1255; x_wconf 87' lang='lat' dir='ltr'><strong>sicherlich</strong></span> <span class='ocrx_word' id='word_1_62' title='bbox 695 1189 787 1254; x_wconf 91' lang='lat' dir='ltr'><strong>nicht</strong></span> <span class='ocrx_word' id='word_1_63' title='bbox 811 1189 864 1254; x_wconf 90' lang='lat' dir='ltr'><strong>die</strong></span> <span class='ocrx_word' id='word_1_64' title='bbox 889 1188 1063 1273; x_wconf 84' lang='lat' dir='ltr'><strong>lebendige</strong></span> <span class='ocrx_word' id='word_1_65' title='bbox 1087 1190 1249 1255; x_wconf 90' lang='lat' dir='ltr'><strong>sinnliche</strong></span> 
     </span>
     <span class='ocr_line' id='line_1_10' title="bbox 179 1295 1249 1381; baseline 0.003 -22"><span class='ocrx_word' id='word_1_66' title='bbox 179 1295 550 1381; x_wconf 79' lang='lat' dir='ltr'><strong>„Ansehauungsweise</strong></span> <span class='ocrx_word' id='word_1_67' title='bbox 579 1305 583 1313; x_wconf 86' lang='lat'>&#39;</span> <span class='ocrx_word' id='word_1_68' title='bbox 621 1297 721 1360; x_wconf 89' lang='lat' dir='ltr'><strong>Diese</strong></span> <span class='ocrx_word' id='word_1_69' title='bbox 767 1297 872 1361; x_wconf 87' lang='lat' dir='ltr'><strong>kennt</strong></span> <span class='ocrx_word' id='word_1_70' title='bbox 918 1319 980 1360; x_wconf 90' lang='lat' dir='ltr'><strong>nur</strong></span> <span class='ocrx_word' id='word_1_71' title='bbox 1023 1297 1249 1380; x_wconf 77' lang='lat' dir='ltr'><strong>Tatigkeiten‚</strong></span> 
     </span>
     <span class='ocr_line' id='line_1_11' title="bbox 180 1403 1249 1489; baseline 0.003 -23"><span class='ocrx_word' id='word_1_72' title='bbox 180 1403 322 1486; x_wconf 86' lang='lat' dir='ltr'><strong>„welche</strong></span> <span class='ocrx_word' id='word_1_73' title='bbox 357 1427 421 1469; x_wconf 90' lang='lat' dir='ltr'><strong>von</strong></span> <span class='ocrx_word' id='word_1_74' title='bbox 457 1405 578 1469; x_wconf 86' lang='lat' dir='ltr'><strong>Person</strong></span> <span class='ocrx_word' id='word_1_75' title='bbox 615 1406 676 1469; x_wconf 87' lang='lat' dir='ltr'><strong>auf</strong></span> <span class='ocrx_word' id='word_1_76' title='bbox 705 1405 827 1468; x_wconf 91' lang='lat' dir='ltr'><strong>Person</strong></span> <span class='ocrx_word' id='word_1_77' title='bbox 864 1403 957 1482; x_wconf 88' lang='lat' dir='ltr'><strong>(oder</strong></span> <span class='ocrx_word' id='word_1_78' title='bbox 991 1404 1249 1489; x_wconf 87' lang='lat' dir='ltr'><strong>personifizierte</strong></span> 
     </span>
     <span class='ocr_line' id='line_1_12' title="bbox 180 1507 1249 1595; baseline 0.002 -22"><span class='ocrx_word' id='word_1_79' title='bbox 180 1507 323 1595; x_wconf 85' lang='lat' dir='ltr'><strong>„Dinge)</strong></span> <span class='ocrx_word' id='word_1_80' title='bbox 339 1511 458 1595; x_wconf 84' lang='lat' dir='ltr'><strong>gehen:</strong></span> <span class='ocrx_word' id='word_1_81' title='bbox 484 1513 587 1577; x_wconf 90' lang='lat' dir='ltr'><strong>nosti</strong></span> <span class='ocrx_word' id='word_1_82' title='bbox 609 1511 855 1592; x_wconf 80' lang='lat' dir='ltr'><strong>Marcellum3</strong></span> <span class='ocrx_word' id='word_1_83' title='bbox 880 1510 950 1575; x_wconf 91' lang='lat' dir='ltr'><strong>dies</strong></span> <span class='ocrx_word' id='word_1_84' title='bbox 966 1520 1093 1595; x_wconf 84' lang='lat' dir='ltr'><strong>gesagt,</strong></span> <span class='ocrx_word' id='word_1_85' title='bbox 1118 1512 1148 1574; x_wconf 74' lang='lat'><strong>2.</strong></span> <span class='ocrx_word' id='word_1_86' title='bbox 1167 1510 1249 1575; x_wconf 83' lang='lat' dir='ltr'><strong>wind</strong></span> 
     </span>
     <span class='ocr_line' id='line_1_13' title="bbox 181 1617 1250 1703; baseline 0 -22"><span class='ocrx_word' id='word_1_87' title='bbox 181 1617 302 1697; x_wconf 75' lang='lat' dir='ltr'><strong>„nahar</strong></span> <span class='ocrx_word' id='word_1_88' title='bbox 336 1618 537 1703; x_wconf 83' lang='lat' dir='ltr'><strong>angegeben‚</strong></span> <span class='ocrx_word' id='word_1_89' title='bbox 574 1621 607 1682; x_wconf 90' lang='lat' dir='ltr'><strong>in</strong></span> <span class='ocrx_word' id='word_1_90' title='bbox 643 1618 784 1682; x_wconf 85' lang='lat' dir='ltr'><strong>welcher</strong></span> <span class='ocrx_word' id='word_1_91' title='bbox 818 1617 1021 1682; x_wconf 87' lang='lat' dir='ltr'><strong>besonderen</strong></span> <span class='ocrx_word' id='word_1_92' title='bbox 1058 1618 1250 1702; x_wconf 85' lang='lat' dir='ltr'><strong>Beziehung</strong></span> 
     </span>
     <span class='ocr_line' id='line_1_14' title="bbox 180 1724 1249 1810; baseline 0.001 -22"><span class='ocrx_word' id='word_1_93' title='bbox 180 1725 270 1806; x_wconf 86' lang='lat' dir='ltr'><strong>„hier</strong></span> <span class='ocrx_word' id='word_1_94' title='bbox 296 1724 471 1790; x_wconf 83' lang='lat' dir='ltr'><strong>Marcellus</strong></span> <span class='ocrx_word' id='word_1_95' title='bbox 502 1727 534 1789; x_wconf 91' lang='lat' dir='ltr'><strong>in</strong></span> <span class='ocrx_word' id='word_1_96' title='bbox 567 1726 723 1790; x_wconf 85' lang='lat' dir='ltr'><strong>Betraoht</strong></span> <span class='ocrx_word' id='word_1_97' title='bbox 753 1726 892 1790; x_wconf 86' lang='lat' dir='ltr'><strong>kommt:</strong></span> <span class='ocrx_word' id='word_1_98' title='bbox 933 1748 1058 1810; x_wconf 88' lang='lat' dir='ltr'><strong>quarn</strong></span> <span class='ocrx_word' id='word_1_99' title='bbox 1094 1725 1249 1790; x_wconf 88' lang='lat' dir='ltr'><strong>tardus</strong></span> 
     </span>
     <span class='ocr_line' id='line_1_15' title="bbox 178 1828 278 1896; baseline 0.01 -1"><span class='ocrx_word' id='word_1_100' title='bbox 178 1833 247 1896; x_wconf 89' lang='lat' dir='ltr'><strong>sit.</strong></span> <span class='ocrx_word' id='word_1_101' title='bbox 264 1828 278 1858; x_wconf 73' lang='lat'><strong>‘¹</strong></span> 
     </span>
    </p>

    <p class='ocr_par' dir='ltr' id='par_1_3' title="bbox 177 1939 1251 2773">
     <span class='ocr_line' id='line_1_16' title="bbox 267 1939 1248 2025; baseline -0.001 -23"><span class='ocrx_word' id='word_1_102' title='bbox 267 1939 360 2003; x_wconf 86' lang='lat' dir='ltr'><strong>Haec</strong></span> <span class='ocrx_word' id='word_1_103' title='bbox 388 1941 489 2023; x_wconf 85' lang='lat' dir='ltr'><strong>igitur</strong></span> <span class='ocrx_word' id='word_1_104' title='bbox 516 1950 680 2004; x_wconf 86' lang='lat' dir='ltr'><strong>structura</strong></span> <span class='ocrx_word' id='word_1_105' title='bbox 708 1940 902 2004; x_wconf 79' lang='lat' dir='ltr'><strong>attractione</strong></span> <span class='ocrx_word' id='word_1_106' title='bbox 927 1939 1069 2025; x_wconf 87' lang='lat' dir='ltr'><strong>quadarn</strong></span> <span class='ocrx_word' id='word_1_107' title='bbox 1093 1947 1164 2002; x_wconf 90' lang='lat' dir='ltr'><strong>orta</strong></span> <span class='ocrx_word' id='word_1_108' title='bbox 1188 1949 1248 2021; x_wconf 85' lang='lat' dir='ltr'><strong>est,</strong></span> 
     </span>
     <span class='ocr_line' id='line_1_17' title="bbox 177 2045 1250 2131; baseline 0 -22"><span class='ocrx_word' id='word_1_109' title='bbox 177 2068 252 2110; x_wconf 91' lang='lat' dir='ltr'><strong>nam</strong></span> <span class='ocrx_word' id='word_1_110' title='bbox 277 2045 460 2110; x_wconf 89' lang='lat' dir='ltr'><strong>subiectum</strong></span> <span class='ocrx_word' id='word_1_111' title='bbox 485 2047 644 2110; x_wconf 86' lang='lat' dir='ltr'><strong>enuntiati</strong></span> <span class='ocrx_word' id='word_1_112' title='bbox 669 2046 876 2129; x_wconf 82' lang='lat' dir='ltr'><strong>substantivi,</strong></span> <span class='ocrx_word' id='word_1_113' title='bbox 902 2046 999 2131; x_wconf 83' lang='lat' dir='ltr'><strong>quod,</strong></span> <span class='ocrx_word' id='word_1_114' title='bbox 1024 2054 1184 2130; x_wconf 87' lang='lat' dir='ltr'><strong>quantum</strong></span> <span class='ocrx_word' id='word_1_115' title='bbox 1207 2045 1250 2109; x_wconf 89' lang='lat' dir='ltr'><strong>ad</strong></span> 
     </span>
     <span class='ocr_line' id='line_1_18' title="bbox 177 2152 1250 2239; baseline -0.001 -23"><span class='ocrx_word' id='word_1_116' title='bbox 177 2154 335 2217; x_wconf 90' lang='lat' dir='ltr'><strong>rationem</strong></span> <span class='ocrx_word' id='word_1_117' title='bbox 372 2152 511 2237; x_wconf 85' lang='lat' dir='ltr'><strong>logicam</strong></span> <span class='ocrx_word' id='word_1_118' title='bbox 549 2164 582 2217; x_wconf 87' lang='lat' dir='ltr'><strong>et</strong></span> <span class='ocrx_word' id='word_1_119' title='bbox 617 2176 714 2239; x_wconf 85' lang='lat' dir='ltr'><strong>saepe</strong></span> <span class='ocrx_word' id='word_1_120' title='bbox 747 2154 789 2218; x_wconf 88' lang='lat' dir='ltr'><strong>ad</strong></span> <span class='ocrx_word' id='word_1_121' title='bbox 818 2155 977 2217; x_wconf 91' lang='lat' dir='ltr'><strong>rationem</strong></span> <span class='ocrx_word' id='word_1_122' title='bbox 1000 2153 1250 2237; x_wconf 84' lang='lat' dir='ltr'><strong>grammaticam</strong></span> 
     </span>
     <span class='ocr_line' id='line_1_19' title="bbox 178 2260 1250 2346; baseline 0.002 -23"><span class='ocrx_word' id='word_1_123' title='bbox 178 2262 329 2346; x_wconf 77' lang='lat' dir='ltr'><strong>pertinet,</strong></span> <span class='ocrx_word' id='word_1_124' title='bbox 354 2283 429 2346; x_wconf 90' lang='lat' dir='ltr'><strong>pars</strong></span> <span class='ocrx_word' id='word_1_125' title='bbox 454 2271 502 2324; x_wconf 89' lang='lat' dir='ltr'><strong>est</strong></span> <span class='ocrx_word' id='word_1_126' title='bbox 527 2261 686 2325; x_wconf 89' lang='lat' dir='ltr'><strong>enuntiati</strong></span> <span class='ocrx_word' id='word_1_127' title='bbox 710 2260 904 2343; x_wconf 88' lang='lat' dir='ltr'><strong>secundarii,</strong></span> <span class='ocrx_word' id='word_1_128' title='bbox 930 2260 1128 2343; x_wconf 85' lang='lat' dir='ltr'><strong>disiungitur</strong></span> <span class='ocrx_word' id='word_1_129' title='bbox 1151 2283 1171 2324; x_wconf 88' lang='lat' dir='ltr'><strong>a</strong></span> <span class='ocrx_word' id='word_1_130' title='bbox 1191 2283 1250 2325; x_wconf 92' lang='lat' dir='ltr'><strong>suo</strong></span> 
     </span>
     <span class='ocr_line' id='line_1_20' title="bbox 178 2367 1250 2433; baseline -0.001 -1"><span class='ocrx_word' id='word_1_131' title='bbox 178 2369 345 2432; x_wconf 88' lang='lat' dir='ltr'><strong>enuntiato</strong></span> <span class='ocrx_word' id='word_1_132' title='bbox 381 2376 414 2431; x_wconf 90' lang='lat' dir='ltr'><strong>et</strong></span> <span class='ocrx_word' id='word_1_133' title='bbox 448 2368 550 2432; x_wconf 86' lang='lat' dir='ltr'><strong>verbo</strong></span> <span class='ocrx_word' id='word_1_134' title='bbox 586 2368 779 2432; x_wconf 89' lang='lat' dir='ltr'><strong>secundario</strong></span> <span class='ocrx_word' id='word_1_135' title='bbox 815 2378 848 2432; x_wconf 89' lang='lat' dir='ltr'><strong>et</strong></span> <span class='ocrx_word' id='word_1_136' title='bbox 888 2368 1063 2433; x_wconf 87' lang='lat' dir='ltr'><strong>attrahitur</strong></span> <span class='ocrx_word' id='word_1_137' title='bbox 1094 2391 1114 2431; x_wconf 93' lang='lat' dir='ltr'><strong>a</strong></span> <span class='ocrx_word' id='word_1_138' title='bbox 1147 2367 1250 2432; x_wconf 88' lang='lat' dir='ltr'><strong>verbo</strong></span> 
     </span>
     <span class='ocr_line' id='line_1_21' title="bbox 180 2475 1251 2561; baseline 0.001 -23"><span class='ocrx_word' id='word_1_139' title='bbox 180 2475 334 2560; x_wconf 88' lang='lat' dir='ltr'><strong>primario</strong></span> <span class='ocrx_word' id='word_1_140' title='bbox 370 2476 405 2537; x_wconf 93' lang='lat' dir='ltr'><strong>in</strong></span> <span class='ocrx_word' id='word_1_141' title='bbox 440 2477 645 2539; x_wconf 88' lang='lat' dir='ltr'><strong>enuntiatum</strong></span> <span class='ocrx_word' id='word_1_142' title='bbox 683 2477 885 2561; x_wconf 87' lang='lat' dir='ltr'><strong>primarium.</strong></span> <span class='ocrx_word' id='word_1_143' title='bbox 955 2477 1071 2560; x_wconf 87' lang='lat' dir='ltr'><strong>Itaque</strong></span> <span class='ocrx_word' id='word_1_144' title='bbox 1115 2476 1147 2539; x_wconf 92' lang='lat' dir='ltr'><strong>in</strong></span> <span class='ocrx_word' id='word_1_145' title='bbox 1188 2475 1251 2539; x_wconf 86' lang='lat' dir='ltr'><strong>hac</strong></span> 
     </span>
     <span class='ocr_line' id='line_1_22' title="bbox 177 2582 1249 2670; baseline 0.001 -24"><span class='ocrx_word' id='word_1_146' title='bbox 177 2583 290 2658; x_wconf 89' lang='lat' dir='ltr'><strong>forma,</strong></span> <span class='ocrx_word' id='word_1_147' title='bbox 326 2593 362 2645; x_wconf 90' lang='lat' dir='ltr'><strong>ut</strong></span> <span class='ocrx_word' id='word_1_148' title='bbox 391 2583 424 2644; x_wconf 94' lang='lat' dir='ltr'><strong>in</strong></span> <span class='ocrx_word' id='word_1_149' title='bbox 448 2582 598 2647; x_wconf 92' lang='lat' dir='ltr'><strong>omnibus</strong></span> <span class='ocrx_word' id='word_1_150' title='bbox 622 2584 825 2647; x_wconf 89' lang='lat' dir='ltr'><strong>attractionis</strong></span> <span class='ocrx_word' id='word_1_151' title='bbox 848 2583 1033 2667; x_wconf 67' lang='lat' dir='ltr'><strong>generibus</strong></span> <span class='ocrx_word' id='word_1_152' title='bbox 1063 2584 1145 2646; x_wconf 88' lang='lat' dir='ltr'><strong>ratio</strong></span> <span class='ocrx_word' id='word_1_153' title='bbox 1170 2605 1249 2670; x_wconf 88' lang='lat' dir='ltr'><strong>psy-</strong></span> 
     </span>
     <span class='ocr_line' id='line_1_23' title="bbox 178 2689 459 2773; baseline 0 -20"><span class='ocrx_word' id='word_1_154' title='bbox 178 2689 347 2773; x_wconf 90' lang='lat' dir='ltr'><strong>ohologica</strong></span> <span class='ocrx_word' id='word_1_155' title='bbox 369 2690 459 2753; x_wconf 90' lang='lat' dir='ltr'><strong>vicit.</strong></span> 
     </span>
    </p>

    <p class='ocr_par' dir='ltr' id='par_1_4' title="bbox 179 2797 1249 2969">
     <span class='ocr_line' id='line_1_24' title="bbox 270 2797 1249 2884; baseline 0.003 -25"><span class='ocrx_word' id='word_1_156' title='bbox 270 2797 435 2876; x_wconf 79' lang='lat' dir='ltr'><strong>Quantum</strong></span> <span class='ocrx_word' id='word_1_157' title='bbox 471 2798 512 2861; x_wconf 88' lang='lat' dir='ltr'><strong>ad</strong></span> <span class='ocrx_word' id='word_1_158' title='bbox 548 2820 679 2861; x_wconf 90' lang='lat' dir='ltr'><strong>sensum</strong></span> <span class='ocrx_word' id='word_1_159' title='bbox 713 2799 865 2884; x_wconf 88' lang='lat' dir='ltr'><strong>pertinet,</strong></span> <span class='ocrx_word' id='word_1_160' title='bbox 902 2819 975 2861; x_wconf 90' lang='lat' dir='ltr'><strong>cum</strong></span> <span class='ocrx_word' id='word_1_161' title='bbox 1012 2797 1093 2861; x_wconf 89' lang='lat' dir='ltr'><strong>duas</strong></span> <span class='ocrx_word' id='word_1_162' title='bbox 1128 2797 1249 2862; x_wconf 82' lang='lat' dir='ltr'><strong>formas</strong></span> 
     </span>
     <span class='ocr_line' id='line_1_25' title="bbox 179 2905 390 2969; baseline 0.005 -3"><span class='ocrx_word' id='word_1_163' title='bbox 179 2905 390 2969; x_wconf 85' lang='lat' dir='ltr'><strong>conferimus:</strong></span> 
     </span>
    </p>

    <p class='ocr_par' dir='ltr' id='par_1_5' title="bbox 339 3011 1087 3096">
     <span class='ocr_line' id='line_1_26' title="bbox 339 3011 1087 3096; baseline 0.001 -21"><span class='ocrx_word' id='word_1_164' title='bbox 339 3033 422 3096; x_wconf 86' lang='lat' dir='ltr'><strong>quae</strong></span> <span class='ocrx_word' id='word_1_165' title='bbox 446 3034 487 3075; x_wconf 88' lang='lat' dir='ltr'><strong>ne</strong></span> <span class='ocrx_word' id='word_1_166' title='bbox 511 3035 529 3075; x_wconf 85' lang='lat' dir='ltr'><strong>a</strong></span> <span class='ocrx_word' id='word_1_167' title='bbox 555 3021 586 3075; x_wconf 92' lang='lat' dir='ltr'><strong>te</strong></span> <span class='ocrx_word' id='word_1_168' title='bbox 612 3020 764 3096; x_wconf 89' lang='lat' dir='ltr'><strong>suscepta</strong></span> <span class='ocrx_word' id='word_1_169' title='bbox 788 3011 940 3076; x_wconf 91' lang='lat' dir='ltr'><strong>videatur</strong></span> <span class='ocrx_word' id='word_1_170' title='bbox 963 3012 1087 3076; x_wconf 88' lang='lat' dir='ltr'><strong>vereris</strong></span> 
     </span>
    </p>

    <p class='ocr_par' dir='ltr' id='par_1_6' title="bbox 81 3118 1250 3527">
     <span class='ocr_line' id='line_1_27' title="bbox 269 3118 1100 3204; baseline 0.001 -22"><span class='ocrx_word' id='word_1_171' title='bbox 269 3127 315 3183; x_wconf 87' lang='lat' dir='ltr'><strong>et:</strong></span> <span class='ocrx_word' id='word_1_172' title='bbox 340 3141 437 3203; x_wconf 89' lang='lat' dir='ltr'><strong>quam</strong></span> <span class='ocrx_word' id='word_1_173' title='bbox 461 3120 584 3183; x_wconf 87' lang='lat' dir='ltr'><strong>vereris</strong></span> <span class='ocrx_word' id='word_1_174' title='bbox 608 3142 649 3183; x_wconf 89' lang='lat' dir='ltr'><strong>ne</strong></span> <span class='ocrx_word' id='word_1_175' title='bbox 673 3143 692 3182; x_wconf 90' lang='lat' dir='ltr'><strong>a</strong></span> <span class='ocrx_word' id='word_1_176' title='bbox 716 3129 748 3184; x_wconf 91' lang='lat' dir='ltr'><strong>te</strong></span> <span class='ocrx_word' id='word_1_177' title='bbox 772 3130 925 3204; x_wconf 89' lang='lat' dir='ltr'><strong>suscepta</strong></span> <span class='ocrx_word' id='word_1_178' title='bbox 947 3118 1100 3184; x_wconf 90' lang='lat' dir='ltr'><strong>videatur</strong></span> 
     </span>
     <span class='ocr_line' id='line_1_28' title="bbox 81 3216 1250 3312; baseline 0.002 -24"><span class='ocrx_word' id='word_1_179' title='bbox 81 3216 87 3223; x_wconf 47' lang='lat'><strong><em>‘</em></strong></span> <span class='ocrx_word' id='word_1_180' title='bbox 179 3225 240 3289; x_wconf 94' lang='lat' dir='ltr'><strong>hoc</strong></span> <span class='ocrx_word' id='word_1_181' title='bbox 263 3227 442 3303; x_wconf 86' lang='lat' dir='ltr'><strong>interest¹):</strong></span> <span class='ocrx_word' id='word_1_182' title='bbox 477 3227 582 3311; x_wconf 85' lang='lat' dir='ltr'><strong>prima</strong></span> <span class='ocrx_word' id='word_1_183' title='bbox 606 3227 770 3311; x_wconf 86' lang='lat' dir='ltr'><strong>significat</strong></span> <span class='ocrx_word' id='word_1_184' title='bbox 786 3227 829 3310; x_wconf 80' lang='lat' dir='ltr'><strong>id,</strong></span> <span class='ocrx_word' id='word_1_185' title='bbox 855 3226 943 3312; x_wconf 90' lang='lat' dir='ltr'><strong>quod</strong></span> <span class='ocrx_word' id='word_1_186' title='bbox 960 3248 1120 3309; x_wconf 86' lang='lat' dir='ltr'><strong>veremur,</strong></span> <span class='ocrx_word' id='word_1_187' title='bbox 1146 3226 1250 3290; x_wconf 88' lang='lat' dir='ltr'><strong>altera</strong></span> 
     </span>
     <span class='ocr_line' id='line_1_29' title="bbox 179 3333 1250 3419; baseline 0.003 -24"><span class='ocrx_word' id='word_1_188' title='bbox 179 3341 288 3396; x_wconf 90' lang='lat' dir='ltr'><strong>autem</strong></span> <span class='ocrx_word' id='word_1_189' title='bbox 324 3333 486 3417; x_wconf 84' lang='lat' dir='ltr'><strong>significat</strong></span> <span class='ocrx_word' id='word_1_190' title='bbox 521 3335 661 3419; x_wconf 90' lang='lat' dir='ltr'><strong>primum</strong></span> <span class='ocrx_word' id='word_1_191' title='bbox 697 3357 769 3398; x_wconf 88' lang='lat' dir='ltr'><strong>eam</strong></span> <span class='ocrx_word' id='word_1_192' title='bbox 799 3357 877 3417; x_wconf 79' lang='lat' dir='ltr'><strong>rem,</strong></span> <span class='ocrx_word' id='word_1_193' title='bbox 913 3356 1011 3419; x_wconf 90' lang='lat' dir='ltr'><strong>quam</strong></span> <span class='ocrx_word' id='word_1_194' title='bbox 1041 3356 1193 3398; x_wconf 85' lang='lat' dir='ltr'><strong>veremur</strong></span> <span class='ocrx_word' id='word_1_195' title='bbox 1217 3343 1250 3398; x_wconf 91' lang='lat' dir='ltr'><strong>et</strong></span> 
     </span>
     <span class='ocr_line' id='line_1_30' title="bbox 179 3441 1249 3527; baseline 0.001 -22"><span class='ocrx_word' id='word_1_196' title='bbox 179 3441 297 3505; x_wconf 89' lang='lat' dir='ltr'><strong>deinde</strong></span> <span class='ocrx_word' id='word_1_197' title='bbox 331 3441 410 3527; x_wconf 91' lang='lat' dir='ltr'><strong>quid</strong></span> <span class='ocrx_word' id='word_1_198' title='bbox 437 3442 579 3504; x_wconf 85' lang='lat' dir='ltr'><strong>maxime</strong></span> <span class='ocrx_word' id='word_1_199' title='bbox 608 3443 649 3505; x_wconf 89' lang='lat' dir='ltr'><strong>ad</strong></span> <span class='ocrx_word' id='word_1_200' title='bbox 678 3465 750 3506; x_wconf 86' lang='lat' dir='ltr'><strong>eam</strong></span> <span class='ocrx_word' id='word_1_201' title='bbox 778 3465 846 3506; x_wconf 90' lang='lat' dir='ltr'><strong>rem</strong></span> <span class='ocrx_word' id='word_1_202' title='bbox 874 3443 1041 3526; x_wconf 89' lang='lat' dir='ltr'><strong>pertinens</strong></span> <span class='ocrx_word' id='word_1_203' title='bbox 1065 3464 1249 3506; x_wconf 88' lang='lat' dir='ltr'><strong>vereamur.</strong></span> 
     </span>
    </p>

    <p class='ocr_par' dir='ltr' id='par_1_7' title="bbox 180 3549 1251 3848">
     <span class='ocr_line' id='line_1_31' title="bbox 269 3549 1249 3636; baseline 0.001 -23"><span class='ocrx_word' id='word_1_204' title='bbox 269 3549 380 3614; x_wconf 91' lang='lat' dir='ltr'><strong>Unum</strong></span> <span class='ocrx_word' id='word_1_205' title='bbox 405 3550 503 3612; x_wconf 88' lang='lat' dir='ltr'><strong>etiam</strong></span> <span class='ocrx_word' id='word_1_206' title='bbox 527 3550 659 3614; x_wconf 88' lang='lat' dir='ltr'><strong>addam:</strong></span> <span class='ocrx_word' id='word_1_207' title='bbox 695 3572 928 3636; x_wconf 88' lang='lat' dir='ltr'><strong>nonnunquam</strong></span> <span class='ocrx_word' id='word_1_208' title='bbox 962 3550 1009 3633; x_wconf 83' lang='lat' dir='ltr'><strong>fit,</strong></span> <span class='ocrx_word' id='word_1_209' title='bbox 1045 3559 1082 3614; x_wconf 89' lang='lat' dir='ltr'><strong>ut</strong></span> <span class='ocrx_word' id='word_1_210' title='bbox 1110 3550 1249 3614; x_wconf 88' lang='lat' dir='ltr'><strong>verbum</strong></span> 
     </span>
     <span class='ocr_line' id='line_1_32' title="bbox 180 3656 1251 3743; baseline 0.001 -23"><span class='ocrx_word' id='word_1_211' title='bbox 180 3658 369 3741; x_wconf 88' lang='lat' dir='ltr'><strong>primarium</strong></span> <span class='ocrx_word' id='word_1_212' title='bbox 404 3666 534 3741; x_wconf 89' lang='lat' dir='ltr'><strong>praeter</strong></span> <span class='ocrx_word' id='word_1_213' title='bbox 568 3656 731 3720; x_wconf 87' lang='lat' dir='ltr'><strong>obiectum</strong></span> <span class='ocrx_word' id='word_1_214' title='bbox 756 3658 842 3743; x_wconf 91' lang='lat' dir='ltr'><strong>quod</strong></span> <span class='ocrx_word' id='word_1_215' title='bbox 872 3667 921 3721; x_wconf 90' lang='lat' dir='ltr'><strong>est</strong></span> <span class='ocrx_word' id='word_1_216' title='bbox 945 3657 1148 3721; x_wconf 88' lang='lat' dir='ltr'><strong>enuntiatum</strong></span> <span class='ocrx_word' id='word_1_217' title='bbox 1173 3657 1251 3721; x_wconf 89' lang='lat' dir='ltr'><strong>sub·</strong></span> 
     </span>
     <span class='ocr_line' id='line_1_33' title="bbox 180 3765 1250 3848; baseline 0.002 -21"><span class='ocrx_word' id='word_1_218' title='bbox 180 3766 369 3848; x_wconf 83' lang='lat' dir='ltr'><strong>stantivum‚</strong></span> <span class='ocrx_word' id='word_1_219' title='bbox 406 3765 544 3829; x_wconf 89' lang='lat' dir='ltr'><strong>alterum</strong></span> <span class='ocrx_word' id='word_1_220' title='bbox 568 3765 688 3829; x_wconf 88' lang='lat' dir='ltr'><strong>habeat</strong></span> <span class='ocrx_word' id='word_1_221' title='bbox 712 3765 876 3830; x_wconf 84' lang='lat' dir='ltr'><strong>obiectum</strong></span> <span class='ocrx_word' id='word_1_222' title='bbox 900 3767 934 3828; x_wconf 92' lang='lat' dir='ltr'><strong>in</strong></span> <span class='ocrx_word' id='word_1_223' title='bbox 958 3787 1036 3829; x_wconf 88' lang='lat' dir='ltr'><strong>casu</strong></span> <span class='ocrx_word' id='word_1_224' title='bbox 1060 3765 1250 3829; x_wconf 87' lang='lat' dir='ltr'><strong>accusativo</strong></span> 
     </span>
    </p>
   </div>
   <div class='ocr_carea' id='block_1_3' title="bbox 181 4008 1252 4169">
    <p class='ocr_par' dir='ltr' id='par_1_8' title="bbox 181 4008 1252 4169">
     <span class='ocr_line' id='line_1_34' title="bbox 270 4008 1252 4079; baseline 0 -18"><span class='ocrx_word' id='word_1_225' title='bbox 270 4011 290 4075; x_wconf 85' lang='lat'><strong>¹)</strong></span> <span class='ocrx_word' id='word_1_226' title='bbox 311 4010 389 4074; x_wconf 74' lang='lat' dir='ltr'><strong>Quod</strong></span> <span class='ocrx_word' id='word_1_227' title='bbox 409 4009 576 4063; x_wconf 87' lang='lat' dir='ltr'><strong>attractionis</strong></span> <span class='ocrx_word' id='word_1_228' title='bbox 596 4028 679 4079; x_wconf 86' lang='lat' dir='ltr'><strong>genus</strong></span> <span class='ocrx_word' id='word_1_229' title='bbox 699 4009 866 4079; x_wconf 83' lang='lat' dir='ltr'><strong>grammatici</strong></span> <span class='ocrx_word' id='word_1_230' title='bbox 886 4009 1062 4079; x_wconf 89' lang='lat' dir='ltr'><strong>prolepsin</strong></span> <span class='ocrx_word' id='word_1_231' title='bbox 1093 4008 1134 4062; x_wconf 89' lang='lat' dir='ltr'><strong>vel</strong></span> <span class='ocrx_word' id='word_1_232' title='bbox 1164 4009 1252 4062; x_wconf 86' lang='lat' dir='ltr'><strong>anti·</strong></span> 
     </span>
     <span class='ocr_line' id='line_1_35' title="bbox 181 4098 654 4169; baseline 0 -19"><span class='ocrx_word' id='word_1_233' title='bbox 181 4098 383 4168; x_wconf 88' lang='lat' dir='ltr'><strong>cipationem</strong></span> <span class='ocrx_word' id='word_1_234' title='bbox 402 4099 538 4169; x_wconf 84' lang='lat' dir='ltr'><strong>appellare</strong></span> <span class='ocrx_word' id='word_1_235' title='bbox 558 4099 654 4152; x_wconf 84' lang='lat' dir='ltr'><strong>solent.</strong></span> 
     </span>
    </p>
   </div>
   <div class='ocr_carea' id='block_1_4' title="bbox 0 0 1438 4762">
    <p class='ocr_par' dir='ltr' id='par_1_9' title="bbox 0 0 1438 4762">
     <span class='ocr_line' id='line_1_36' title="bbox 0 0 1438 4762; baseline 0 0"><span class='ocrx_word' id='word_1_236' title='bbox 0 0 1438 4762; x_wconf 95' lang='lat' dir='ltr'><strong> </strong></span> 
     </span>
    </p>
   </div>
  </div>
 </body>
</html>
