2866 4762
594 279 830 343 -158-

264 450 364 504 Forma
382 469 398 503 a
418 451 513 518 (b:A):

267 539 301 593 de
314 539 366 610 leg.
380 557 436 610 agr.
449 538 534 594 1116:
555 541 625 602 (inae
644 559 708 606 eniri,
732 541 849 608 Quirites,
875 557 1022 612 exposuere,
1049 544 1073 595 si
1085 543 1162 611 falsa
1181 543 1251 597 vobis

175 629 326 682 videbanter
344 648 402 694 esse,
427 645 520 698 sequar
538 631 714 683 auetoritatem
732 638 850 697 vestram,
873 631 974 684 matabo
991 650 1073 685 rneam
1090 634 1249 686 sententiam.

266 718 402 788 Apodosis
421 718 486 772 facit
505 719 755 789 interrogationem:

266 805 311 859 Or.
326 807 389 860 173:
411 807 483 869 Quod
501 809 525 859 si
541 809 578 859 ita
597 816 633 860 est
651 840 684 847 -
699 828 745 862 nee·
757 827 815 863 vero
833 811 909 863 aliter
927 811 1053 863 exsistirno
1073 812 1181 880 —qnia
1202 812 1252 881 ipsi

177 896 228 947 sais
246 895 358 948 sensibus
370 913 420 947 non
438 903 576 958 monentur,
596 897 690 950 nihilne
709 899 744 950 eis
762 899 838 950 inane
857 899 973 952 videtin?
992 899 1058 951 nihil
1074 894 1265 952 ineomiitami'

176 985 241 1036 nileit
258 991 377 1038 enrtnm.
393 1024 398 1035 .
417 985 483 1036 m'ln't
499 985 664 1037 redundans?

265 1071 437 1126 Paronthesis
456 1073 526 1126 inter
544 1082 634 1144 partes
653 1075 782 1144 protasis:

266 1161 337 1215 Phil.
350 1161 377 1214 11
390 1163 437 1216 77:
468 1162 549 1224 Qnam
577 1181 632 1216 eniri
654 1164 701 1216 itta
724 1165 816 1233 teyeret
832 1166 900 1231 flens
924 1195 957 1202 —
981 1173 1037 1217 erat
1059 1166 1124 1218 enim
1152 1168 1251 1237 scripta

177 1252 309 1316 amatorie,
338 1259 416 1322 eaput
442 1259 526 1303 antem
545 1253 700 1304 litterarmn:
729 1252 777 1305 sibi
804 1271 860 1304 eam
883 1254 929 1304 iila
952 1255 1029 1306 rnima
1048 1255 1158 1324 posticae
1186 1256 1252 1307 nihil

179 1340 302 1406 interram,
322 1358 417 1393 omnem
435 1358 460 1392 se
474 1357 585 1393 amorem
597 1340 715 1394 abiecisse
727 1342 791 1394 illim
810 1349 885 1411 atone
903 1344 931 1394 in
949 1343 1016 1395 hane
1028 1344 1200 1412 transfudisse
1215 1376 1247 1384 -

177 1448 234 1480 enin
258 1430 349 1481 irretier
369 1431 446 1497 steret
469 1429 579 1482 uberim.
615 1431 687 1482 hoino
714 1431 857 1483 misericors
876 1431 952 1499 serre
975 1449 1026 1484 non
1044 1434 1143 1503 potii-it,
1173 1442 1250 1504 eaput

177 1519 286 1588 apernit,
305 1519 332 1570 in
351 1519 442 1569 eollian
459 1519 560 1571 invasit.

266 1641 399 1696 Diversi
420 1642 560 1696 ordinis:

268 1739 301 1793 de
316 1757 353 1793 or.
367 1738 471 1794 11353:
491 1740 558 1802 Qnos
576 1757 633 1791 earn
651 1740 756 1792 tinniare
774 1741 865 1794 veilent
882 1742 923 1794 sai
940 1760 1018 1811 neque
1031 1751 1134 1813 possent
1147 1743 1251 1796 obtritos

177 1830 346 1882 internoscere
369 1829 420 1881 atio
439 1829 521 1895 modo,
549 1827 691 1881 Simonides
710 1829 804 1880 dieitur
822 1847 854 1882 ea
873 1847 909 1894 eo,
938 1831 1006 1900 qnod
1022 1833 1180 1898 meminisset,
1203 1850 1251 1903 qno

178 1936 264 1970 eormn
277 1919 330 1971 loeo
349 1919 451 1988 qaisqne
464 1918 596 1986 transisset,
615 1918 801 1971 dernonstrotor
817 1920 992 1989 miinsam'sqne
1010 1921 1147 1991 sepeliendi
1158 1921 1251 1990 fnisse.

267 2007 367 2061 Forma
386 2025 402 2059 a
421 2007 518 2075 (bzA):

268 2096 342 2149 Loel.
355 2096 403 2149 84:
437 2095 511 2158 Quod
537 2114 593 2147 omn
620 2097 739 2166 optimum
763 2097 947 2166 rriaaimnmqae
974 2099 1013 2164 sit,
1041 2099 1064 2151 si
1090 2099 1119 2150 id
1138 2101 1252 2153 volantes

179 2186 298 2255 adipisci,
324 2186 414 2237 virtuti
432 2202 510 2255 opera
529 2185 617 2237 danda
637 2193 680 2251 est,
708 2187 761 2238 sine
780 2204 830 2254 qna
850 2204 896 2238 nee
914 2188 1053 2239 amic-itiam
1075 2206 1154 2259 neque
1172 2190 1250 2242 altam

178 2291 232 2326 rem
249 2275 416 2344 expetendam
434 2275 552 2343 eonseqai
565 2291 705 2344 possamus.

268 2363 336 2416 Post
353 2361 497 2416 relativum
517 2362 630 2415 alterum
649 2363 803 2417 relativum:

269 2452 302 2506 de
316 2451 367 2523 leg.
380 2451 481 2505 11142:
511 2452 584 2514 onos
610 2454 653 2522 qni
675 2462 813 2523 perrnovet,
842 2471 898 2505 rarii
925 2455 970 2524 aqi
996 2455 1061 2507 nihil
1084 2463 1175 2526 potest,
1203 2459 1251 2511 vim

180 2542 287 2610 qaaerit,
308 2543 378 2593 enies
396 2543 571 2612 impunitatem
589 2543 681 2593 arizittit
700 2541 748 2593 liae
767 2543 832 2611 leae,

269 2630 406 2699 Apodosis
425 2631 491 2684 facit
509 2630 761 2701 interrogationem:

269 2717 338 2778 Phil.
349 2719 373 2771 V
384 2719 430 2773 29:
445 2719 495 2781 Qoi
506 2721 529 2772 si
538 2720 627 2790 teqatis
634 2721 756 2790 paruerit
765 2719 920 2790 Romamque
933 2722 1047 2788 redierit,
1060 2739 1120 2774 nam
1132 2742 1251 2793 arnqaam

176 2808 285 2878 perditis
305 2809 398 2861 civibus
415 2810 535 2862 veniliam
554 2827 601 2879 qno
621 2817 775 2861 eonemrant
794 2809 942 2878 defntnrmn
959 2812 1073 2881 petatis?

269 2896 302 2949 In
322 2898 442 2951 oratione
462 2898 585 2968 obliquo:

270 2986 346 3039 acad.
359 3005 399 3056 pr.
414 2987 477 3041 123:
507 3005 571 3057 qaae
594 3005 650 3038 emn
673 2988 768 3038 eiramis
791 3005 866 3039 arem
889 3006 914 3039 se
932 3006 1029 3040 sesima
1048 2990 1176 3044 eeleritate
1196 3009 1254 3043 eon-

179 3082 263 3127 oertat
286 3083 309 3127 et
332 3084 462 3145 torqueat,
485 3077 572 3128 eadem
595 3076 666 3144 efflei
688 3078 780 3138 anona,
810 3094 874 3145 qnae
901 3078 924 3128 si
949 3085 1031 3130 stante
1059 3085 1130 3131 terro
1158 3081 1252 3133 coelam

181 3173 330 3217 moveretur.

272 3252 443 3306 Parenthosis
462 3253 533 3306 inter
551 3253 673 3323 protasin
693 3259 721 3307 et
739 3253 885 3323 epodosin:

272 3342 306 3394 ad
319 3342 381 3394 iarn.
395 3341 435 3394 XI
448 3341 490 3410 26,
505 3344 535 3395 1:
555 3343 580 3394 A
594 3342 681 3411 quibas
699 3361 752 3394 enm
773 3343 882 3408 dise-essi,
902 3345 948 3395 etsi
964 3344 1094 3396 minimmn
1105 3346 1169 3398 siritii
1179 3355 1215 3399 est
1228 3349 1252 3398 in

182 3448 260 3483 coeno
280 3461 311 3469 -—
339 3431 407 3500 qnod
428 3438 455 3482 tn
480 3450 556 3483 iniiam
578 3431 679 3504 ξήτημα
706 3432 786 3484 Dioni
805 3433 956 3502 philosopho
978 3434 1088 3503 posuisti
1112 3465 1145 3473 -
1171 3441 1252 3488 tomen

182 3521 244 3591 qaid
257 3521 344 3590 potins
357 3520 468 3588 fariam,
483 3522 635 3590 prinsquam
654 3541 690 3573 me
709 3522 845 3574 domnitam
864 3521 1004 3589 conferarii,
1024 3540 1075 3575 non
1093 3525 1201 3594 reperio.

272 3653 312 3706 Et
331 3653 477 3707 eiusdem
497 3661 528 3706 ot
547 3653 672 3707 diversi
692 3654 832 3708 ordinis:

272 3771 297 3820 p.
311 3752 402 3805 Rabir.
417 3752 492 3822 perd.
506 3752 554 3805 25:
574 3752 647 3814 (laod
665 3762 691 3805 tn
717 3754 740 3805 si
758 3754 870 3806 audisses
892 3761 938 3806 ant
956 3755 979 3806 si
992 3773 1042 3825 per
1063 3764 1172 3809 aetatem
1190 3757 1255 3808 seire

178 3843 310 3912 potuisses,
336 3861 461 3911 rninqnam
486 3843 602 3912 profecto
627 3843 698 3895 istam
722 3845 863 3913 imayinem,
893 3862 957 3912 qaae
976 3845 1045 3896 danii
1057 3846 1144 3915 posita
1159 3854 1253 3916 pestem

182 3939 257 3999 otone
272 3971 278 3982 .
293 3972 297 3980 .
314 3971 319 3982 .
339 3932 470 3997 (interiisset,
499 3933 522 3982 in
547 3938 632 3983 rostra
656 3939 730 4001 atone
756 3933 779 3982 in
805 3933 944 3985 eontiomnn
969 3935 1101 4004 attatisses,
1130 3951 1176 3987 nee
1199 3945 1256 3988 tiras

183 4037 299 4088 arrianam
319 4021 431 4072 ratioms
449 4022 486 4072 ad
502 4038 543 4072 eos
555 4021 669 4090 seopnlos
682 4022 828 4091 oppirlisses,
848 4022 885 4073 ad
896 4040 957 4091 qnos
969 4021 1030 4074 Sea.
1049 4024 1110 4075 Titii
1127 4024 1254 4093 afflictam

183 4125 270 4160 navem
286 4149 291 4160 .
307 4149 311 4158 .
327 4149 333 4160 .
353 4110 457 4163 videres.
