2866 4762
605 281 841 346 -131-

275 449 314 520 In
331 456 575 523 continuatione
592 459 759 542 orationis,
777 482 861 545 quae
877 483 897 526 a
912 465 1103 548 pronomine
1118 466 1257 533 relativo

185 564 316 648 incipit:

274 671 317 735 ad
340 671 410 737 Att.
433 672 501 736 VII
527 674 558 756 9,
581 675 617 738 3:
655 672 774 738 Orem
802 678 969 741 reinerum!
1005 682 1189 764 alpaidem
1222 685 1259 746 id

183 783 290 864 aprum
312 781 515 843 deterrimam
542 793 596 861 eet,
630 783 716 866 qaod
737 786 882 846 recusari
909 807 973 848 nora
995 798 1099 871 potest
1120 800 1148 852 et
1172 792 1258 873 qaod

182 888 237 950 e'lle
272 889 302 949 si
324 887 445 971 faciat,
481 890 612 951 iamlam
641 912 662 951 a
690 888 780 953 boeio
811 890 955 956 carnibus
983 916 1137 959 sarnetum
1171 900 1257 960 ineat

181 998 332 1081 pretinm.
371 1077 375 1088 .

272 1140 347 1203 Etsi
370 1139 495 1224 aliquid
519 1148 703 1204 structurae
728 1139 781 1203 III
809 1142 976 1226 proprium
1008 1152 1065 1226 est,
1094 1153 1131 1209 ut
1155 1167 1254 1210 enun-

182 1249 300 1312 tiatum
344 1247 536 1334 primarium
583 1247 776 1312 secundario
820 1249 989 1313 enuntiato
1028 1261 1252 1338 postponatur,

182 1365 301 1438 tamen,
338 1378 413 1420 cum
448 1355 535 1420 illius
568 1355 707 1420 verbum
742 1355 869 1420 nullum
900 1379 1012 1422 casum
1049 1362 1143 1444 regit,
1182 1361 1254 1426 fieri

181 1473 298 1550 potest,
324 1473 361 1528 ut
385 1463 467 1528 illud
490 1464 596 1548 ipsum
622 1464 826 1528 enuntiatum
851 1466 936 1530 inter
959 1476 1070 1552 partes
1094 1471 1254 1534 enuntiati

181 1573 369 1637 secundarii
393 1571 586 1636 collocetur:

269 1703 300 1766 p.
323 1679 435 1743 Rabir.
461 1679 518 1741 24:
555 1679 626 1742 Hoc
650 1690 683 1742 tu
707 1680 807 1762 lqitar
835 1682 868 1741 le
893 1681 1138 1762 emmeramus,
1169 1687 1255 1767 qaod

181 1812 250 1851 cum
280 1791 321 1850 lio
341 1786 448 1869 fuerit
471 1785 502 1850 C.
526 1784 691 1863 Rabirius,
724 1807 802 1870 qliae
826 1790 1058 1850 11181111881111118
1076 1790 1199 1871 fuisset
1225 1816 1253 1854 81

181 1907 404 1980 oppoponeret,
430 1896 644 1978 turpissumae,
670 1896 700 1955 al
718 1893 916 1977 reliquisset?
938 1895 972 1966 in
986 1894 1060 1959 Vat.
1081 1897 1136 1960 16:
1162 1920 1253 1982 quem

179 2016 212 2066 ta
228 2005 421 2087 dirumperis
438 2025 508 2064 cum
524 2002 707 2064 aedilicium
721 2002 818 2064 videa.

267 2109 384 2173 Liceat
406 2107 501 2173 nobis
524 2108 578 2172 hio
603 2109 701 2171 etiam
727 2106 835 2171 locum
860 2109 986 2189 afferre,
1016 2110 1073 2194 qui
1100 2110 1132 2173 in
1158 2113 1250 2196 epist.
1314 2182 1316 2186 y

179 2217 221 2281 ad
246 2218 323 2282 fam.
343 2216 398 2281 lib.
416 2215 484 2279 VII
511 2215 562 2298 17,
587 2218 602 2280 1
629 2215 759 2299 legitur,
785 2237 984 2300 quamquam
1008 2217 1077 2279 eius
1101 2218 1251 2301 apodosis

181 2325 385 2411 expluribus
399 2325 576 2388 enuntiatis
589 2333 731 2404 constat:
750 2345 831 2407 quoa
842 2324 896 2387 ille
912 2327 1253 2408 ualentissimusjaera't

179 2438 244 2498 11181
258 2436 424 2518 acceperit,
445 2434 633 2518 praesertim
649 2455 719 2495 curra
741 2434 1012 2517 lrapacleala'aalme
1033 2409 1267 2517 11881111818111.ι

268 2578 359 2641 Inter
383 2577 527 2662 protasin
552 2585 586 2639 et
609 2575 767 2660 apodosin
790 2575 995 2660 parenthesis
1010 2577 1156 2661 ponitur:

268 2683 353 2748 Phil.
367 2682 434 2747 VII
460 2683 515 2746 14:
543 2684 635 2761 Quod
657 2685 687 2745 ai
702 2704 765 2745 aon
780 2684 1071 2767 possumoefoeere
1088 2719 1128 2726 —
1147 2686 1251 2748 dicam

180 2795 266 2879 quod
282 2793 414 2875 1119111111
433 2805 478 2855 eat
494 2803 637 2854 serralore
650 2802 678 2853 et
696 2790 841 2853 Romano
854 2790 978 2853 leontiae
999 2825 1040 2834 —
1064 2795 1246 2856 rraora'oaaur.

321 2894 403 2949 Item:
427 2894 454 2946 in
473 2893 528 2947 Pis.
542 2894 575 2946 13
595 2895 681 2961 (quarn
701 2910 746 2944 1188
767 2911 870 2945 cormorii
889 2894 968 2959 rmn);
988 2891 1021 2944 de
1036 2892 1079 2945 off.
1093 2891 1106 2944 I
1120 2894 1153 2947 18
1174 2895 1252 2963 (ezrael

248 2985 337 3038 citiam
355 2987 465 3056 effnprre
484 2984 545 3051 qui).

267 3078 477 3142 Parenthesis
500 3077 534 3139 in
559 3076 695 3163 apodosi
718 3076 803 3160 ipsa:

269 3186 310 3250 ad
328 3184 383 3249 ΒΓ.
401 3185 418 3248 Ι
437 3184 490 3267 15,
504 3184 539 3248 6:
566 3206 658 3268 quera
677 3207 747 3246 811111
763 3185 798 3246 in
815 3204 863 3272 me
874 3185 1096 3262 tentavissem,
1116 3184 1249 3247 coasilio

179 3297 263 3358 inire
287 3296 377 3379 coepi
389 3294 539 3356 Brute'na
562 3292 658 3376 plane
685 3326 725 3333 —
749 3293 847 3353 eeatrl
872 3293 955 3353 enirn
982 3290 1058 3353 haec
1081 3303 1248 3373 8111111810-

175 3405 251 3487 pria
276 3404 442 3486 8819111118
469 3436 509 3443 -
534 3402 582 3462 rei
599 3397 750 3484 publicae
774 3397 965 3461 liberandae.

266 3546 304 3609 In
329 3544 451 3631 protasi
475 3564 533 3628 pro
558 3542 659 3606 verbo
683 3542 776 3605 finito
801 3549 834 3604 et
857 3540 1019 3626 particula
1040 3541 1248 3604 subiunctiva

177 3653 399 3739 participium:

265 3759 355 3825 Lael.
381 3760 416 3823 5:
442 3781 539 3844 qaam
563 3758 665 3843 lepena
689 3769 717 3819 te
739 3759 846 3840 ipsura
870 3777 1044 3838 coquorcea.

317 3862 399 3916 Item:
420 3881 458 3915 or.
475 3880 497 3914 o.
512 3879 532 3913 s.
547 3878 585 3932 gr.
600 3878 622 3914 e.
643 3859 692 3925 203
712 3877 738 3929 p.
753 3857 836 3927 Arch.
850 3877 876 3928 p.
892 3859 938 3919 14,·
958 3857 992 3910 de
1006 3863 1060 3910 nat.
1074 3856 1147 3910 deor.
1161 3856 1247 3920 1159;

247 3952 281 4006 ee
300 3951 353 4005 mv.
373 3951 386 4003 1
404 3951 427 4024 a
