2866 4762
597 301 829 364 -165-

267 481 383 566 Itaque
395 479 675 543 Ramshornius
693 480 726 556 (l.
740 474 820 562 all),
835 500 909 542 cum
922 478 963 542 de
976 500 1038 542 usu
1049 478 1249 562 pronominis

176 588 308 653 relativi
325 609 382 672 pro
399 586 655 651 demonstrativo
669 585 828 669 disputat,
846 585 999 669 exempla
1011 584 1115 668 affert,
1133 585 1167 649 in
1181 584 1249 671 qui·

177 695 239 761 bus
254 716 432 780 pronomen
444 693 620 758 relativum
631 693 836 757 enuntiatum
849 691 990 776 simplex
1002 692 1181 776 coninguit,
1195 701 1247 757 ut:

268 802 331 865 Rea
355 802 496 886 loquitur
518 806 608 886 ipsa3
633 823 714 884 quae
737 822 860 885 semper
883 800 967 863 ualet
987 801 1177 884 plurimum

266 917 322 972 ant
346 908 667 992 comprehensionem
684 906 857 970 relativam
873 908 906 970 in
923 929 989 992 qua
1009 916 1173 972 structura
1196 905 1249 970 ΠΙ

181 1017 333 1098 occurrit,
357 1024 406 1078 ut:

267 1122 407 1185 Auditus
440 1143 562 1206 seraper
589 1133 695 1206 patet;
724 1123 790 1184 eius
819 1124 902 1184 eairu
925 1143 1032 1184 seusus
1057 1124 1151 1184 etiaru
1174 1123 1249 1184 dor·

177 1234 304 1294 radentes
334 1251 473 1314 eperuus,·
503 1253 522 1291 a
552 1251 613 1313 quo
644 1252 715 1291 eum
738 1252 833 1292 aeuus
857 1241 902 1292 eet
929 1241 1083 1314 aceeptus,
1113 1231 1208 1292 etiam
1231 1252 1251 1291 a

178 1360 286 1402 corruo
311 1340 495 1400 eaee'taurur.

178 1446 236 1510 sed
272 1452 368 1525 errat,
405 1465 480 1507 cum
514 1442 629 1506 eadem
664 1443 901 1507 consuetudine
937 1443 1091 1508 orationis
1127 1442 1251 1506 confor-

179 1552 339 1616 mationes
363 1549 530 1634 explicare
553 1549 637 1632 vult,
662 1549 769 1613 velut:

267 1658 299 1721 A
323 1671 351 1722 te
385 1660 503 1722 dietum
527 1671 657 1721 estesse
684 1658 857 1742 permulta,
896 1680 976 1742 quae
1005 1670 1113 1721 orator
1140 1660 1206 1720 uisi
1232 1682 1253 1720 a

181 1779 299 1830 aatura
322 1765 456 1846 liaberet,
483 1789 502 1828 a
525 1767 678 1848 mapietre
702 1787 767 1828 aaa
789 1766 923 1828 multura
946 1767 1170 1839 adiuuaretum

179 1875 212 1937 in
248 1895 313 1959 qua
347 1894 523 1957 pronomen
558 1871 731 1935 relativum
761 1894 826 1935 non
857 1872 1165 1955 demonstrativam,
1195 1871 1252 1935 sed

179 2003 302 2045 meram
336 1980 509 2044 relativam
544 1979 599 2043 vel
630 1978 861 2043 correlativam
889 1980 956 2043 vim
985 1978 1102 2060 habet3
1133 1977 1251 2042 deinde

180 2089 407 2153 desiderentur
431 2085 583 2171 exempla
607 2095 790 2150 structurae
813 2086 830 2148 l
854 2096 887 2151 et
910 2086 956 2169 ll,
980 2095 1033 2150 ut:

269 2194 341 2259 Cat.
358 2217 400 2258 m.
420 2195 476 2259 13:
503 2195 598 2257 Cuius
614 2197 765 2277 orapister
780 2193 955 2257 Leontinus
974 2192 1113 2277 Gerpias
1130 2205 1251 2255 cautuae

181 2316 209 2366 et
235 2315 351 2388 septem
381 2303 546 2386 complevit
575 2325 675 2365 auuos
702 2324 803 2386 aeque
823 2323 975 2386 umquam
1003 2303 1038 2364 iu
1067 2323 1123 2364 aue
1147 2301 1251 2363 studio

180 2422 273 2494 atque
302 2432 395 2495 apere
425 2411 572 2485 cessauit5
601 2413 670 2493 qui,
703 2432 773 2472 euru
801 2432 838 2472 eu
873 2432 907 2472 eo
937 2420 1141 2493 quaereretur
1166 2458 1172 2471 .
1199 2455 1205 2470 .
1233 2457 1250 2488 .,

179 2520 286 2602 iuquit
308 2566 315 2581 .
341 2540 365 2598 ,ς
395 2516 435 2580 de
460 2517 513 2580 off.
537 2515 573 2579 Π
597 2516 654 2581 89;
684 2517 737 2580 Ee
765 2539 825 2600 quo
859 2539 973 2600 peuere
1004 2517 1252 2600 comparationis

179 2625 261 2688 illud
285 2626 330 2687 est
353 2621 480 2688 Catenis
504 2626 602 2686 aeuus:
628 2648 647 2686 a
672 2646 733 2707 que
759 2647 828 2686 eure
849 2635 1053 2707 quaereretur
1075 2623 1251 2706 respoudit:

180 2732 215 2795 in
238 2730 357 2816 quibus
374 2730 472 2795 simili
487 2731 612 2794 ratione
629 2752 807 2815 pronomen
830 2729 1005 2794 relativum
1028 2731 1095 2793 vim
1119 2729 1253 2792 demon-

181 2840 351 2904 strativam
375 2837 521 2922 praebet.

271 2964 535 3028 Grotefendus
564 2963 697 3048 quidem
727 2963 824 3027 etiam
858 2962 1124 3026 conformationis
1152 2971 1253 3025 struc-

181 3083 273 3136 turae
289 3072 325 3135 II
340 3072 500 3136 rationem
513 3070 622 3154 habet,
647 3070 705 3134 sed
721 3070 819 3134 valde
832 3080 919 3134 errat
935 3092 1008 3134 eum
1026 3071 1108 3134 haec
1124 3068 1252 3133 scribit:

183 3178 315 3262 „Wenn
340 3179 398 3243 das
414 3179 598 3242 Pronomen
614 3178 788 3242 relativum
813 3177 935 3242 sowohl
956 3177 1031 3241 dem
1047 3175 1254 3240 Nebensatze

186 3286 233 3350 als
250 3286 325 3350 dem
341 3286 545 3370 Hauptsatze
562 3285 728 3369 zugehort,
753 3307 788 3348 so
805 3285 887 3349 wind
905 3307 939 3349 es
962 3285 1006 3347 im
1022 3282 1254 3348 Lateinischen

182 3395 314 3458 immer
336 3395 371 3457 in
387 3393 585 3477 denjenigen
609 3391 713 3456 Casus
734 3391 874 3477 gestellt‚
899 3393 933 3456 in
957 3391 1114 3455 walchem
1139 3413 1173 3454 es
1197 3390 1255 3453 der

183 3500 369 3565 Nebensatz
397 3500 563 3583 verlangt‚
593 3498 667 3563 falls
695 3500 802 3563 dieser
831 3500 904 3564 dem
937 3499 1141 3581 Hauptsatze
1164 3496 1255 3561 nicht

182 3602 385 3692 nachfolgt.“
403 3642 441 3650 -
460 3607 521 3670 Ille
537 3607 637 3691 igitur
649 3607 873 3670 structuraml
889 3629 930 3670 ne
948 3607 1105 3670 exsistere
1122 3604 1254 3690 quidem

181 3718 215 3779 in
239 3737 388 3779 sermone
404 3714 522 3778 Latino
545 3736 637 3798 posse
659 3723 761 3798 putat.
789 3748 830 3757 -
854 3713 948 3777 Idem
971 3736 1036 3777 non
1052 3721 1152 3796 recte,
1177 3734 1251 3776 cum

184 3823 263 3886 dicit
286 3823 318 3885 in
344 3830 508 3886 structura
531 3821 566 3884 Π
588 3821 754 3885 notionem
778 3820 911 3884 relativi
934 3819 1103 3884 subaudiri
1127 3827 1254 3883 tantum

183 3940 216 3994 et
251 3952 315 3993 non
351 3930 492 4014 exprimi
521 3929 709 4012 pronomine
738 3928 994 3991 demonstrativo
1023 3927 1057 3990 in
1087 3928 1254 3990 enuntiato

184 4038 344 4122 primario,
375 4058 450 4100 cum
479 4037 548 4100 eius
577 4058 671 4100 casus
699 4035 922 4098 nominativus
957 4044 1014 4098 aut
1047 4034 1255 4098 accusativus

184 4169 254 4211 esse
277 4146 412 4227 debeat3
437 4147 493 4231 qui
511 4167 600 4209 error
622 4167 680 4230 per
703 4143 743 4229 G.
762 4145 800 4208 T.
818 4143 859 4209 A.
884 4144 1135 4229 Kruegerum.
1151 4165 1255 4229 usque
