2866 4762
608 252 886 335 -si--'

268 447 427 511 Eiusdem
451 449 589 512 ordinis:

267 557 300 619 iu
325 555 396 620 Cat.
421 555 456 619 ΙΙ
480 556 514 620 5:
550 556 664 641 quibus
692 580 747 642 epo
775 580 838 620 uou
867 560 959 621 miodo
989 561 1019 620 si
1040 561 1140 621 oeieru
1163 582 1250 622 euer-

177 666 257 726 citus
280 666 391 744 uestri,
416 687 523 727 ueruru
552 667 646 727 etiaru
674 667 703 728 si
726 667 860 728 edictum
884 669 1047 750 praetoris
1076 668 1252 749 ostendero,

177 772 357 851 concident,
374 771 471 835 Tusc.
486 770 568 856 disp.
582 771 688 836 1120:
708 771 773 837 Sed
788 773 950 835 uideamus
964 773 1132 836 Herculem
1144 776 1250 858 ipsuru

178 997 220 1048 sel
236 997 260 1049 ei
278 997 321 1066 qui
335 998 490 1067 promiserit.
516 997 586 1049 Nam
603 997 633 1064 si,
653 1004 679 1049 ut
697 998 724 1048 iu
735 996 838 1065 fabulis
850 1005 894 1062 est,
914 998 1055 1068 Neptunus,
1075 1000 1143 1069 quod
1156 1000 1250 1052 Theseo

176 1085 339 1156 promiserat,
359 1103 409 1138 uon
423 1086 536 1154 jecisset,
559 1086 666 1139 Theseus
680 1085 821 1156 Hippolyto
833 1087 892 1154 filio
911 1103 961 1138 uou
981 1096 1043 1140 esset
1062 1088 1173 1141 orbatus.
1206 1088 1250 1140 Er

178 1176 259 1228 trihus
276 1177 342 1228 euim
361 1177 463 1246 optatis,
482 1184 509 1228 ut
527 1176 655 1242 scribitur,
683 1176 729 1228 hoc
757 1184 814 1228 erat
837 1177 945 1242 tertium,
974 1178 1042 1246 quod
1065 1178 1096 1230 de
1115 1178 1253 1249 Hi'ppolpti

179 1266 283 1318 interitu
301 1266 383 1318 iratus
403 1267 512 1336 optauit;
537 1284 585 1336 quo
605 1273 691 1336 optato
711 1266 845 1336 impetrato
863 1267 891 1318 iu
909 1268 1033 1319 ruuuiruos
1052 1268 1132 1321 luctus
1150 1269 1249 1321 inridit.

177 1356 269 1425 Aquo
290 1354 350 1408 loco
370 1355 486 1409 coniecit
499 1355 694 1409 Valckenarius
714 1355 802 1409 locum
822 1362 946 1409 nostrum
965 1363 1100 1427 sumptum
1120 1357 1203 1410 fuisse
1223 1367 1250 1411 et

177 1443 328 1514 aquodam
350 1445 420 1497 mala
439 1462 519 1497 manu
539 1444 676 1499 Ciceronis
696 1444 811 1498 orationi
830 1444 1007 1498 interiectum.
1045 1445 1149 1500 Eadem
1168 1465 1250 1499 eausa

177 1533 259 1586 etiam
273 1532 413 1587 Ernestius
431 1532 550 1587 offensus
570 1541 622 1597 est3
643 1533 689 1587 sed
709 1534 742 1586 ab
761 1532 857 1587 eodem
875 1533 947 1586 facto
960 1533 1075 1603 profecti
1088 1535 1114 1587 in
1130 1534 1250 1589 diversas

177 1629 267 1691 partes
281 1622 377 1688 ierunt,
397 1640 457 1675 cum
470 1620 665 1675 Valckenarius
678 1629 795 1675 tantum:
815 1625 857 1675 rui
869 1642 925 1675 curu
936 1655 968 1662 —
980 1625 1095 1692 luctibus,
1109 1624 1249 1678 Ernestius

177 1728 240 1764 vero
263 1716 351 1764 totum
374 1710 461 1764 locum
483 1710 557 1776 Quid,
577 1711 645 1780 prend
660 1741 692 1749 -
708 1712 814 1763 liicte'hus
832 1712 952 1781 spurium
971 1713 1143 1767 coniecerint.
1176 1713 1250 1768 Cice-

177 1816 271 1853 ronem
290 1806 408 1852 tantum:
446 1799 521 1866 Quid,
549 1801 617 1870 quod
648 1801 754 1853 Theseus
782 1801 865 1871 erepit
891 1802 1043 1871 pirruuissum
1070 1821 1087 1853 a
1114 1803 1251 1872 Neptuno?

178 1889 294 1942 scribere
313 1895 341 1942 et
359 1888 586 1942 narratiunculam
606 1889 692 1959 ipsam
721 1890 935 1959 praetermittere
958 1891 1087 1961 potuisse,
1116 1891 1250 1959 conced03

177 1976 225 2030 sed
245 1996 304 2030 cum
325 1978 454 2032 orationis
474 1978 661 2044 conformatio,
681 1985 811 2049 utsupra
823 1979 948 2045 vidimus,
968 1978 1035 2032 duas
1048 1987 1153 2049 partes:
1174 1980 1248 2047 (huid,

177 2068 245 2136 quod
258 2096 289 2103 -
301 2067 442 2138 Neptuuol·
458 2073 485 2120 et
504 2069 545 2120 eui
563 2086 617 2120 eum
630 2096 661 2104 -
674 2068 781 2121 luctibus
794 2076 848 2121 tam
863 2076 935 2122 arcte
950 2075 976 2121 et
989 2076 1125 2121 structura
1139 2069 1249 2122 omnino

178 2155 303 2209 Tulliana
322 2157 481 2227 coniungat3
508 2156 605 2210 deinde
625 2175 684 2210 cum
704 2176 767 2226 pars
786 2159 921 2227 posterior
940 2158 1069 2211 orationis
1089 2160 1131 2211 rui
1149 2177 1247 2211 ruru-

178 2246 283 2298 lurtihus
302 2245 393 2316 aliqua
412 2264 445 2298 ex
463 2252 540 2316 parte
560 2246 656 2300 eodem
675 2246 756 2300 modo
776 2266 837 2299 oum
856 2246 945 2317 priore
964 2248 1038 2313 (uultu,
1058 2247 1126 2318 pseud
1137 2281 1168 2287 —
1180 2247 1249 2318 Nep·
1295 2232 1299 2245 ⁸

177 2338 255 2387 tuno?
286 2342 443 2388 conectatur
474 2342 554 2405 atque
586 2335 655 2388 duae
686 2343 777 2405 partes
808 2336 997 2406 subsequentis
1034 2336 1149 2406 exempli
1182 2336 1250 2399 Quid

177 2425 368 2494 Aperuesuuou?
396 2430 423 2477 et
448 2443 504 2477 euru
522 2425 701 2478 deuouisset—
710 2425 851 2494 pulchrius,
872 2425 988 2495 denique
1007 2444 1068 2478 cum
1087 2427 1129 2478 cui
1148 2444 1247 2478 eum-

178 2514 284 2566 luetihus
303 2512 345 2566 rel
365 2513 446 2566 etiam
464 2513 612 2566 secundum
625 2514 778 2584 exemplum
792 2521 879 2568 totum
892 2515 920 2566 in
934 2514 1129 2568 abundantiam
1142 2513 1250 2586 Cicero-

177 2603 285 2655 nianam
305 2609 332 2656 et
351 2602 378 2654 in
404 2602 539 2672 quandam
568 2602 768 2674 neglegentiam
796 2611 824 2656 et
851 2604 1016 2656 celeritatem
1045 2603 1166 2673 quadret,
1196 2622 1249 2672 qua

178 2691 272 2746 Cicero
297 2691 381 2746 libros
405 2691 438 2744 de
462 2691 558 2744 officiis
582 2693 771 2761 composuerit,
800 2692 959 2746 adducimur
984 2699 1012 2745 ut
1035 2700 1168 2762 putemus,
1194 2711 1249 2746 non

178 2781 307 2835 aliter-
328 2787 458 2850 quantum
478 2780 511 2833 ad
531 2780 614 2834 fidem
634 2781 751 2852 pertinet
775 2812 808 2820 -
833 2781 867 2834 de
891 2781 1039 2851 posteriore
1069 2782 1121 2849 (cui
1148 2800 1246 2833 erarii—

178 2871 294 2938 luetihus)
314 2888 345 2922 ac
365 2868 398 2922 de
417 2870 506 2940 priore
525 2876 601 2940 parte
621 2870 709 2938 (thetid,
727 2871 837 2940 qriud-
849 2870 979 2941 Neptuno)
1003 2868 1081 2922 huius
1105 2870 1157 2922 loci
1181 2870 1249 2922 iudi-

178 2958 294 3012 candum
322 2977 388 3012 esse.
434 2959 529 3030 ltaque
558 2978 618 3013 cum
637 2978 700 3029 pars
724 2959 798 3028 prior
821 2960 937 3030 genuina
956 2958 1095 3026 habeatur,
1114 2959 1249 3028 posterior

178 3066 285 3118 ‹puoque
305 3047 421 3118 genuina
440 3047 566 3101 habenda
586 3056 634 3102 est.
673 3047 726 3102 Sed
749 3049 879 3118 exemplis
898 3056 966 3116 utar,
990 3067 1043 3118 quo
1066 3047 1248 3101 demonstrem

135 3167 140 3179 ι
178 3137 336 3192 Ciceronem
356 3138 384 3189 in
404 3136 455 3190 hoc
483 3136 543 3190 loco
573 3137 645 3191 idem
670 3137 773 3204 fecisse,
803 3137 875 3208 quod
896 3156 975 3207 saepe
998 3137 1073 3204 alias,
1097 3136 1200 3190 scilicet
1219 3145 1249 3190 ut
1301 3198 1302 3201 Ἴ

178 3226 291 3280 eandem
318 3244 375 3280 rem
403 3226 513 3296 paulum
542 3234 672 3279 mutatam
698 3233 840 3296 repeteret,
867 3245 921 3296 qua
949 3226 1062 3280 eandem
1087 3225 1248 3279 sententiam

178 3316 357 3369 confirmaret.
383 3314 453 3380 Quia
471 3315 588 3385 spatium
607 3333 659 3368 non
681 3316 821 3385 permittit,
841 3315 964 3385 exempla
983 3334 1038 3370 non
1057 3316 1167 3368 afferam
1180 3314 1247 3384 ipsa,

178 3404 224 3458 sed
245 3411 351 3458 tantum
369 3403 504 3458 indicabo.
528 3405 622 3474 ltaque
643 3412 672 3457 ut
691 3405 863 3458 confirmaret
882 3413 955 3458 arcte
972 3405 1043 3459 inter
1055 3423 1083 3457 se
1097 3404 1247 3458 doctrinam

178 3501 204 3546 et
222 3511 301 3546 usum
321 3493 464 3546 coniuncta
483 3511 550 3559 esse,
570 3493 671 3546 eisdem
691 3493 820 3562 exemplis
841 3494 925 3547 utitur
944 3493 1037 3547 Cicero
1057 3494 1084 3545 in
1108 3492 1121 3544 I
1146 3493 1179 3546 de
1202 3493 1247 3546 off.

177 3582 223 3636 lib.
240 3581 291 3636 155
304 3590 331 3635 et
343 3581 382 3634 III
397 3581 430 3635 de
445 3601 482 3636 or.
497 3582 543 3635 lib.
558 3581 622 3647 139;
637 3582 750 3636 eandem
765 3583 995 3653 comparationem
1008 3582 1078 3635 inter
1091 3581 1247 3635 societatem

178 3671 316 3726 hominum
335 3679 362 3724 et
381 3690 479 3741 corpus
497 3670 644 3730 humanum
663 3677 775 3742 usurpat
785 3671 850 3737 Cio,
869 3680 898 3724 ut
917 3671 1037 3740 proferat
1056 3670 1191 3724 hominem
1209 3671 1248 3724 ita

178 3779 225 3815 suo
246 3760 335 3815 officio
357 3759 433 3831 fungi
453 3759 551 3813 debere
572 3769 600 3813 ut
619 3761 756 3814 societatis
780 3758 911 3813 humanae
931 3760 1041 3812 utilitati
1069 3758 1192 3813 consulat
1220 3761 1248 3812 in

178 3849 215 3902 ΙΙΙ
234 3849 268 3903 de
288 3849 332 3903 off.
352 3849 399 3903 lib.
420 3849 453 3902 21
474 3856 501 3903 et
519 3849 554 3902 22
573 3859 599 3902 et
618 3850 645 3901 in
664 3848 704 3902 ΙΙΙ
724 3849 757 3903 de
778 3850 822 3904 off.
843 3849 889 3902 lib.
909 3851 941 3902 31
962 3856 989 3902 et
1001 3849 1047 3914 3t;
1068 3855 1095 3902 et
1114 3848 1248 3918 permulta

179 3938 230 3991 alia
248 3938 354 3992 similia.

266 4027 341 4092 Quae
361 4045 422 4080 cum
441 4027 478 4080 ita
498 4028 559 4094 sint,
584 4027 672 4081 elucet
695 4046 759 4080 sane
782 4028 888 4079 firmam
907 4045 965 4080 esse
985 4027 1104 4081 omnium
1124 4027 1247 4080 codicum

177 4116 258 4170 fidem
278 4123 359 4187 atque
377 4115 448 4169 hune
467 4116 557 4170 locum
576 4135 592 4169 a
611 4116 740 4171 Cicerone
759 4116 910 4186 proiectum
930 4135 997 4170 esse.

229 4223 261 4264 M.
1068 4206 1085 4258 6

235 4334 248 4366 N
