2866 4762
606 286 818 350 -30-

321 459 403 512 Item:
430 459 457 510 in
477 459 552 512 Verr.
572 459 589 511 l.
609 460 621 512 I
640 458 693 513 158
711 461 764 528 (cai
781 479 826 531 epo
846 461 917 528 nisi);
943 459 1013 512 Phil.
1032 459 1073 513 XI
1090 461 1125 516 38
1149 462 1249 531 (quidus

249 550 328 617 ‹aml3
358 548 393 600 ad
415 548 479 600 fam.
502 548 514 601 I
534 548 559 612 2,
583 549 675 617 4(cui
692 550 772 617 aarrr);
801 549 880 602 Tusa.
904 549 973 630 disp.
992 549 1005 601 I
1025 550 1077 604 102
1096 551 1150 618 (cai
1168 553 1249 620 rainl:

253 638 286 692 de
305 637 350 692 off.
370 637 447 690 1141
468 639 520 705 (cui
539 639 614 703 omn).
1265 646 1268 655 “

267 767 305 831 In
330 768 454 852 protasi
477 766 573 852 plura
597 768 782 831 enuntiata:

176 1023 241 1056 num
270 1005 379 1057 nomina
407 1003 526 1057 verbalia
559 1023 575 1055 a
603 1004 698 1074 supino
727 1003 916 1057 terminatione
943 1003 989 1057 -io
1018 1002 1139 1057 derivata
1167 1002 1251 1056 facul·

177 1101 262 1146 tatem
272 1111 379 1163 quoque
392 1092 435 1146 vel
449 1099 612 1162 potestatem
625 1092 739 1146 actionis
752 1092 865 1145 alicuius
879 1093 953 1146 verbi
966 1091 1118 1163 significare
1130 1092 1248 1161 possint3

128 1210 130 1214 >
178 1182 235 1249 sed,
254 1182 305 1235 nisi
324 1182 413 1247 fallor,
432 1200 487 1236 non
507 1188 592 1246 recte,
620 1180 672 1236 hoc
694 1181 776 1235 modo
801 1181 872 1234 enim
896 1187 1008 1251 usurpat
1030 1180 1125 1235 Cicero
1150 1198 1249 1234 nomen

176 1272 284 1325 verbale
308 1271 473 1325 recusatio
499 1289 548 1340 pro
567 1269 744 1324 recusandi
763 1270 928 1323 facultate
946 1271 973 1323 in
994 1270 1012 1322 l.
1032 1269 1066 1323 de
1086 1267 1164 1322 or.I[
1183 1269 1249 1323 364:

181 1361 244 1412 Tum
262 1362 313 1425 illc,
342 1360 462 1424 adimere,
490 1361 580 1430 inquit,
610 1378 705 1412 ornnem
723 1362 904 1412 recusationem
926 1359 1017 1412 Crasso
1045 1360 1113 1411 nolui
1135 1365 1162 1412 et
1181 1377 1207 1428 q.
1228 1376 1250 1411 s.

177 1449 281 1503 Eodem
295 1448 378 1519 igitur
390 1447 472 1502 modo
486 1447 575 1518 potuit
588 1448 683 1502 Cicero
697 1449 902 1519 optationem
916 1466 965 1518 pro
985 1447 1126 1517 optandi
1144 1447 1250 1500 facul·

177 1546 248 1591 tate
268 1537 366 1590 dicere.
405 1536 541 1590 Orationis
566 1536 743 1592 conformatio
767 1536 834 1590 nihil
856 1536 1000 1602 desiderat,
1029 1537 1111 1591 immo
1135 1536 1250 1590 auctori-

178 1634 261 1680 tatem
290 1625 368 1678 huius
396 1625 449 1680 loci
473 1626 615 1679 confirmat
637 1632 664 1679 et
695 1625 917 1680 consuetudinem
940 1625 1075 1695 quandam
1098 1625 1249 1679 Tullianam

179 1716 302 1785 pracbet3
322 1733 385 1766 nam
405 1713 474 1767 duae
494 1713 623 1767 orationis
642 1721 746 1784 partes:
771 1715 863 1782 ,Qum
882 1717 950 1785 q'nod
972 1715 1079 1768 lltesens
1097 1715 1180 1786 caepit
1188 1732 1251 1786 pra-

179 1807 280 1859 miaaam
298 1824 314 1856 a
333 1805 488 1875 Neptunol“
510 1812 537 1857 et
557 1807 615 1870 „aad
633 1823 689 1857 curri
700 1837 733 1843 -
744 1806 876 1858 lactihas“.
895 1805 1009 1858 eandem
1022 1804 1124 1859 habent
1135 1805 1249 1858 formam

182 1903 209 1948 et
228 1894 324 1949 eodem
343 1893 424 1948 modo
445 1901 623 1948 conectuntur
641 1900 722 1965 atque
742 1893 769 1946 hi
787 1894 852 1949 loci:
873 1894 907 1947 ad
930 1896 984 1947 Att.
1005 1893 1058 1947 Xll
1076 1893 1120 1961 23,
1138 1895 1169 1949 3:
1191 1912 1250 1946 nam

179 1985 240 2055 qaid
258 1985 289 2036 da
307 2003 345 2036 nra
363 1984 466 2036 dicam?
489 1984 530 2035 cui
542 1991 569 2035 ut
581 1983 666 2035 omnia
683 1984 840 2051 continuant,
859 2002 924 2054 puae
942 1985 1007 2050 valo,
1026 1985 1107 2036 levari
1126 2002 1250 2054 nonpos-

179 2093 245 2137 sn·nr;
266 2080 324 2125 aut:
344 2072 424 2125 Tusc.
444 2071 513 2142 disp.
532 2071 545 2123 l
565 2071 629 2125 102:
663 2071 747 2134 Quid?
779 2070 936 2144 Cyrenaeam
958 2073 1123 2139 llteodarmn,
1140 2073 1251 2143 philoso-

174 2164 324 2235 platanon
344 2163 476 2232 ipnabilem
495 2179 576 2214 norme
594 2163 735 2214 miramur?
760 2159 809 2215 Cui
826 2180 881 2215 cam
901 2162 1065 2233 Lysimachus
1083 2178 1131 2214 rea
1151 2180 1249 2215 crucem

179 2253 321 2305 minaretur
341 2290 347 2303 .
368 2291 373 2302 .
395 2291 400 2300 .
422 2251 509 2320 inquit.
540 2250 615 2303 Haec
634 2250 763 2304 orationis
783 2251 903 2318 conexio,
924 2269 992 2321 quae
1012 2269 1028 2302 a
1047 2250 1176 2305 Cicerone
1196 2269 1249 2304 non

180 2339 314 2405 abhorret,
343 2348 399 2392 tam
423 2345 495 2391 arcte
519 2347 610 2408 partes
634 2338 745 2391 secundi
765 2339 881 2410 exempli
900 2340 971 2393 inter
989 2358 1017 2393 se
1037 2339 1184 2411 coniungit,
1214 2351 1249 2404 ut,

181 2437 311 2499 quantum
340 2428 374 2480 ad
402 2427 484 2481 fidem
508 2428 632 2498 pertinet,
660 2447 715 2482 non
739 2426 818 2482 aliter
836 2429 870 2481 de
889 2429 1038 2498 posteriore
1058 2447 1089 2481 ao
1109 2428 1143 2481 de
1162 2429 1250 2499 priore

181 2526 258 2588 parte
277 2517 390 2570 iudicari
408 2517 506 2586 possit3
528 2516 598 2586 quod
620 2527 709 2570 tamen
729 2517 793 2571 fecit
812 2517 1014 2572 Valckenarius.

270 2606 428 2660 Ernestio
457 2606 531 2659 locus
555 2612 649 2660 noster
673 2606 770 2659 dubius
794 2607 901 2661 videtur
923 2607 1004 2661 etiam
1025 2613 1170 2678 propterea
1189 2606 1251 2677 quia

180 2695 309 2749 iudicium
329 2695 466 2749 Ciceronis
495 2713 548 2746 non
578 2695 716 2761 subicitur,
745 2703 775 2750 ut
797 2695 825 2747 in
848 2696 958 2766 reliquis
983 2696 1088 2750 duobus
1112 2695 1251 2767 exemplis.

180 2783 259 2851 Sane,
277 2803 332 2838 non
352 2784 495 2848 subicitur;
515 2783 571 2851 sed,
582 2783 666 2854 'quod
679 2783 773 2838 Cicero
793 2791 857 2854 post
875 2784 1023 2838 secundum
1037 2784 1190 2855 exemplum
1203 2787 1250 2853 (sc.

180 2880 303 2928 nostrum
322 2873 422 2940 locum>
442 2891 496 2927 non
517 2873 589 2936 fecit,
608 2872 636 2925 id
655 2881 718 2942 post
737 2873 846 2926 tortium
864 2873 936 2940 lecit,
959 2873 1033 2943 quod
1052 2892 1113 2927 cum
1131 2873 1251 2928 secundo

180 2970 253 3016 arcte
273 2962 445 3032 coniungitur
463 2973 491 3015 et
510 2961 623 3014 similem
644 2961 725 3015 habet
743 2962 872 3017 orationis
886 2961 1140 3026 conformationem
1161 2963 1251 3033 itaque

180 3052 233 3105 duo
253 3051 405 3122 posteriora
423 3050 546 3120 exempla
566 3069 661 3103 unam
681 3059 786 3121 partem
804 3051 914 3117 iaciunt,
944 3051 988 3104 cui
1011 3070 1153 3105 commune
1178 3051 1252 3106 Cice·

179 3141 253 3194 ronis
273 3140 398 3193 adiicitur
416 3139 557 3193 iudicium:
580 3139 751 3205 „Pannissnm
764 3141 851 3211 potius
870 3159 918 3193 non
934 3140 1087 3209 sariendam
1105 3159 1182 3211 qaam
1200 3149 1251 3193 tam

180 3238 289 3283 taetram
304 3229 413 3298 faciam
433 3229 616 3282 admittenda—m
629 3229 710 3297 snit.“
749 3229 809 3283 Hoc
832 3229 961 3283 iudicium
985 3229 1086 3300 optime
1104 3229 1253 3299 respondet

181 3319 229 3385 illi,
258 3318 333 3388 quod
360 3325 424 3388 post
451 3319 567 3388 primum
596 3318 747 3389 exemplum
772 3319 879 3388 scripsit
902 3318 1009 3374 Cicero:
1042 3319 1142 3382 Quanta
1166 3319 1253 3372 melias

176 3409 269 3477 suerat
289 3408 315 3458 in
333 3408 379 3459 lma
399 3408 547 3477 promissum
564 3409 650 3477 patris
668 3426 719 3460 non
737 3425 787 3460 essa
806 3410 947 3461 servatum!
977 3410 1067 3478 Atque
1091 3407 1142 3461 hoc
1162 3408 1252 3474 modo,

180 3503 325 3567 postquam
339 3495 445 3566 utrique
458 3496 529 3566 parti
543 3496 670 3549 iudicium
691 3515 769 3549 suum
790 3496 897 3564 adiecit,
917 3516 949 3550 ea
969 3497 1152 3551 declaratione
1171 3498 1251 3555 finem

181 3585 246 3638 facit
266 3583 403 3652 orationis,
423 3602 537 3654 quacum
558 3585 659 3655 incepit
678 3593 706 3638 et
725 3604 806 3656 quam
825 3586 954 3657 exemplis
975 3586 1133 3640 confirmare
1153 3586 1251 3640 voluit:

183 3674 254 3744 Erpa
273 3682 297 3726 et
311 3674 439 3744 proruisse
459 3692 508 3726 non
523 3675 651 3742 ⁴facienda
669 3691 857 3744 nonnunquam.

271 3763 399 3816 Venimus
419 3762 453 3815 ad
473 3762 692 3816 Valckenarii
711 3773 907 3834 argumentum,
934 3783 950 3816 a
974 3782 1026 3834 quo
1050 3763 1156 3817 initium
1176 3762 1253 3816 dubi-

183 3853 293 3905 tationis
312 3853 464 3923 profectum
484 3861 533 3906 est.
565 3852 614 3906 llle
627 3854 698 3906 enim
717 3855 819 3923 primus
838 3862 865 3906 et
885 3862 979 3924 postea
998 3852 1138 3907 Ernestius
1158 3853 1253 3908 offensi

184 3948 247 3995 sunt
265 3961 305 4007 eo,
326 3941 398 4012 quod
418 3942 446 3994 in
466 3941 585 3996 secundo
605 3942 727 4013 exemplo
747 3943 878 4012 repetitur
900 3943 973 4013 quod
1001 3944 1055 3995 iam
1083 3943 1111 3995 in
1135 3942 1195 3997 loco
1219 3942 1253 3996 de

184 4030 227 4084 off.
247 4031 313 4085 132
338 4031 371 4084 de
396 4030 500 4084 Theseo
525 4030 626 4083 dictum
650 4038 729 4084 erat:
758 4032 841 4085 Potest
869 4035 934 4085 onim
961 4033 1079 4085 accidere
1104 4032 1254 4102 prornismm

183 4121 289 4191 aliquod
307 4129 330 4172 et
350 4128 505 4186 corruantur,
524 4129 551 4172 ut
571 4120 598 4172 id
616 4120 687 4188 effici
704 4121 736 4172 sit
755 4122 842 4174 inutile
862 4123 903 4174 val
924 4123 954 4188 ai,
984 4123 1025 4175 rai
1041 4122 1196 4192 prornissmn
1213 4123 1253 4185 sit,
