2866 4762
602 328 837 392 -207-

268 504 299 570 6.
337 504 492 591 Denique
514 527 580 571 non
604 507 877 592 praetereundum
901 518 950 573 est
974 510 1006 572 in
1030 518 1193 574 structura
1217 509 1252 573 II

175 612 409 677 attractionem
433 634 514 696 esse,
539 614 573 678 in
596 623 652 678 str.
679 614 732 678 ΙΙΙ
760 625 869 680 autem
895 615 1016 680 nullam
1041 639 1111 681 esse
1134 626 1251 681 attrac-

177 719 342 799 tionem¹).

375 981 431 1050 §a
467 981 511 1035 lle
529 985 639 1037 natura
656 983 748 1038 trlum
766 983 1068 1053 compreheuslouum.

269 1113 340 1177 Iam
380 1119 422 1178 ad
460 1115 558 1178 finem
593 1115 821 1199 disputationis
860 1137 1042 1201 aggressus,
1083 1126 1252 1202 postquam

180 1220 402 1285 demonstrare
438 1222 597 1305 temptavi
631 1243 697 1307 qua
731 1223 857 1287 ratione
892 1234 957 1288 tres
995 1225 1252 1289 constructiones

181 1336 270 1392 ortae
305 1327 373 1392 siut
405 1339 439 1392 et
472 1350 556 1413 quae
590 1329 673 1393 ratio
709 1330 794 1394 inter
829 1352 884 1394 eas
919 1331 1111 1413 intercedat,
1147 1353 1253 1416 pauca

179 1444 307 1500 tantum
335 1434 455 1499 addam
484 1435 526 1500 de
555 1437 713 1522 principio
738 1436 792 1501 vel
815 1438 915 1520 fonte,
944 1438 1031 1503 uude
1055 1438 1131 1502 illae
1155 1448 1251 1523 atque

180 1543 277 1607 etiam
317 1542 350 1607 in
384 1543 575 1607 universum
610 1565 722 1608 omnes
756 1543 913 1610 relativae
950 1545 1252 1630 comprehensiones

183 1650 348 1734 profectae
371 1650 447 1715 siut.

270 1757 395 1822 Earum
407 1758 552 1822 omnium
567 1759 763 1842 principium
777 1769 826 1823 est
838 1758 872 1822 in
885 1773 1001 1824 natura
1012 1761 1082 1844 ipsa
1096 1760 1253 1846 peculiari

181 1865 379 1948 pronominis
402 1863 546 1944 relativi,
571 1888 646 1929 nam
663 1866 725 1931 hoc
741 1888 928 1950 pronomen,
957 1888 1032 1930 eum
1049 1889 1106 1951 pro
1121 1867 1252 1931 nomine

182 1972 320 2055 ponitur,
356 1993 422 2036 non
457 1981 523 2036 tam
553 1994 671 2036 nomen
699 1973 872 2056 significat,
909 1982 946 2037 ut
972 1972 1099 2058 reliqua
1127 1974 1253 2037 faciunt

182 2080 382 2162 pronomina,
421 2100 520 2164 quam
557 2080 680 2143 refert
718 2079 841 2163 aliquid
881 2089 913 2143 et
947 2080 1151 2165 coniungit
1189 2079 1253 2144 vel

182 2184 400 2272 subiungit,
430 2196 529 2272 atque
557 2185 726 2270 subiungit
756 2186 810 2250 vel
839 2209 939 2251 unum
968 2188 1172 2252 enuntiatum
1197 2186 1252 2251 vel

182 2293 518 2378 comprehensionem,
550 2295 643 2359 cuius
672 2295 771 2358 totius
799 2304 936 2359 naturae
964 2296 1041 2380 quia
1069 2295 1132 2359 viri
1162 2294 1252 2359 docti

180 2423 245 2465 non
268 2401 349 2466 satis
364 2402 523 2466 rationem
537 2401 734 2485 habuerunt,
758 2424 855 2487 saepe
877 2425 944 2467 non
967 2412 1056 2468 reete
1080 2402 1121 2467 de
1146 2401 1251 2467 tribus

181 2508 350 2573 structuris
366 2507 582 2592 disputarunt3
607 2510 726 2594 itaque,
748 2519 786 2574 ut
802 2520 929 2574 tantum
946 2510 987 2575 de
1003 2511 1117 2595 paucis
1133 2509 1251 2592 dicam,

183 2616 221 2699 ei,
248 2617 307 2702 qui
334 2616 529 2699 iudicarunt,
558 2617 617 2680 has
652 2626 832 2681 structuras
862 2640 905 2680 ex
933 2616 1168 2681 consuetudine
1197 2638 1252 2680 ex·

183 2724 312 2806 stitisse,
348 2745 412 2809 qua
447 2723 620 2788 relativum
656 2746 712 2807 pro
745 2723 1001 2788 demonstrativo
1030 2737 1063 2787 et
1093 2723 1252 2807 particula

184 2831 407 2896 coordinativa
437 2840 610 2914 usurpatur
647 2830 907 2915 („relativiseher
941 2824 1157 2911 Ansehlull“),
1194 2851 1253 2893 sua

182 2939 305 3003 ratione
329 2936 495 3023 explicare
519 2960 584 3001 non
612 2948 745 3022 possunt
769 2939 867 3002 trium
883 2937 1161 3002 constructionum
1177 2958 1251 3000 eon·

183 3045 400 3129 formationes,
425 3046 459 3108 in
475 3044 594 3131 quibus
609 3045 784 3109 relativum
809 3044 1035 3109 correlativam
1059 3043 1113 3108 vel
1130 3065 1252 3108 meram

182 3153 354 3218 relativam
389 3153 456 3216 vim
491 3152 606 3233 habet,
642 3152 761 3217 deinde
797 3151 1017 3216 Deventierus
1051 3152 1174 3215 erravit
1209 3174 1252 3215 ex

271 3364 292 3428 ¹)
312 3361 373 3428 Qua
385 3361 420 3416 de
433 3381 522 3429 causa,
537 3381 597 3416 cum
611 3381 660 3432 pro
674 3369 809 3415 structura
822 3360 860 3414 ΙΙΙ
873 3369 978 3414 tantum
991 3361 1060 3414 duae
1080 3360 1251 3415 condiciones

182 3450 234 3504 sint
257 3451 437 3506 necessariae:
463 3453 496 3519 ,1.
515 3458 545 3505 ut
563 3451 731 3504 enuntiatum
750 3450 938 3504 secundarium
958 3458 1150 3520 anteponatur,
1178 3449 1203 3502 2.
1224 3456 1252 3502 ut

181 3558 278 3595 nomen
304 3539 443 3611 quoddam
466 3547 528 3593 ante
552 3539 712 3610 particulam
739 3539 936 3592 subiunctivam
961 3546 1011 3592 cet.
1031 3538 1095 3609 poni
1115 3537 1201 3608 possit
1225 3546 1253 3591 et

182 3646 241 3682 cum
254 3647 306 3700 pro
316 3636 451 3683 structura
461 3627 487 3681 ll
497 3629 577 3682 etiam
589 3629 669 3682 tertia
679 3628 803 3682 condicio
817 3629 852 3681 sit
865 3628 1030 3681 neccssaria:
1050 3628 1064 3679 i.
1086 3646 1108 3681 e.
1130 3634 1158 3679 ut
1177 3626 1251 3679 notio

180 3718 287 3773 relativi
305 3718 334 3771 in
352 3726 467 3789 utroque
487 3719 627 3772 enuntiato
647 3727 771 3773 occurrat
790 3727 816 3770 et
837 3717 997 3771 attractio
1017 3717 1091 3783 siat,
1111 3734 1164 3771 nen
1180 3723 1251 3769 recte

181 3807 291 3877 plurimi
303 3807 354 3862 viri
370 3807 445 3862 docti
464 3807 547 3876 (inter
559 3826 627 3878 quos
644 3807 807 3878 Madvigius,
827 3804 1063 3877 Naegelsbachius,
1082 3803 1252 3871 lt'uelrueres)

180 3895 311 3964 facerunt,
340 3915 402 3950 eum
428 3897 456 3949 in
484 3896 526 3949 his
555 3897 696 3950 structuris
725 3895 893 3966 explicandis
920 3915 936 3947 a
959 3903 1092 3948 structura
1110 3894 1134 3947 ll
1159 3894 1191 3945 ud
1213 3893 1249 3947 lll

182 3987 340 4053 transirent,
356 3986 516 4039 contrariam
528 3986 683 4040 viamrecte
694 3985 805 4056 ingressi
818 3993 916 4038 essent.
936 4014 968 4023 -
988 3982 1018 4036 ln
1033 4002 1110 4054 quem
1126 4002 1251 4049 errorem,

182 4081 211 4127 ut
229 4075 345 4141 videtur,
364 4074 468 4129 inducti
491 4075 635 4144 suntquis
657 4093 710 4129 nou
732 4082 855 4127 accurate
872 4072 1082 4143 perpenderunt,
1101 4091 1169 4143 (ptrue
1184 4072 1252 4126 litter

182 4161 229 4216 has
248 4170 398 4217 structuras
416 4164 486 4219 ratio
506 4163 664 4218 intercedat.
