2866 4762
606 300 843 365 —156—

275 494 298 529 e.
317 474 468 528 Protesie
488 493 595 542 unum,
615 473 775 543 apodoeie
794 471 1257 543 pluraenuntiataoontinet:

274 582 429 648 Enuntiata,
449 600 518 652 quae
537 581 670 652 apodosin
688 579 799 645 faciunt,
819 586 894 633 eunt:

274 706 431 760 Eiusdem
451 706 594 760 ordinis:

275 795 309 850 de
323 814 360 850 or.
373 794 473 849 11155:
494 811 603 864 quarum
620 795 742 847 uirtutum
760 792 904 864 expertibus
916 793 939 846 si
950 792 1052 845 die-enai
1063 792 1165 862 capiam
1177 791 1259 845 tradi-

184 883 302 951 derimus,
331 902 382 936 uon
400 902 441 936 eos
459 884 558 953 quidem
577 891 691 935 oratores
709 883 873 954 effecerimus.
901 882 945 934 sed
957 881 1106 950 furentibus
1131 881 1257 951 quaedam

184 990 258 1026 arara
278 974 428 1026 ueteranus.

272 1062 340 1117 Post
357 1061 499 1116 relativum
519 1061 633 1116 alterum
652 1061 807 1115 relativum:

272 1150 342 1205 Phil.
356 1151 420 1205 VIII
432 1151 481 1205 23:
505 1153 547 1204 eui
564 1152 608 1220 qui
624 1169 676 1204 noa
690 1158 776 1221 paret,
796 1168 847 1202 non
864 1148 897 1202 ab
915 1166 944 1202 eo
962 1148 1086 1201 arzandata
1105 1148 1256 1219 aeeipuenda

182 1247 241 1293 sunt
259 1241 304 1293 sed
320 1242 374 1310 ipse
392 1248 428 1293 est
442 1241 529 1311 petius
547 1240 730 1310 repudiandus.

272 1329 410 1399 Apodosis
429 1329 495 1382 facit
512 1328 762 1399 interrogationem:

273 1417 351 1486 Tuse.
367 1418 392 1471 d.
403 1418 440 1471 lv
450 1417 498 1472 38:
513 1417 582 1479 Quae
595 1435 652 1469 eum
664 1426 801 1488 exponunt,
814 1417 908 1469 nihilne
921 1415 1143 1468 thiadmarus
1157 1415 1257 1485 almuid

183 1508 283 1560 atcere?

228 1650 229 1654 ,
272 1595 409 1666 Apodosis
428 1595 494 1649 faeit
511 1601 616 1666 partem
634 1595 865 1665 interrogationis:
1163 1647 1165 1651 ,

271 1684 299 1737 in
312 1684 388 1737 Verr.
401 1684 418 1736 l.
433 1684 456 1737 V
470 1684 516 1739 98:
545 1683 617 1737 ane
631 1685 723 1755 pirata
738 1684 892 1754 penetravit,
916 1700 964 1752 qua
983 1683 1133 1752 simulatque
1152 1682 1255 1748 adesset,

183 1790 233 1825 noa
252 1773 324 1825 triade
344 1792 360 1825 a
380 1775 459 1826 latere
477 1774 522 1827 sed
539 1775 615 1826 etiam
633 1792 650 1826 a
663 1782 733 1844 terpo
746 1791 865 1843 (6696666
880 1781 984 1844 partem
997 1771 1066 1825 urbis
1084 1773 1254 1842 relinqueret?

272 1862 409 1933 Apodoeie
428 1863 494 1917 feeit
513 1863 748 1917 exclamationem:

270 1971 296 2022 p.
310 1951 367 2005 Mil.
378 1952 425 2007 38:
440 1952 517 2015 Quem
526 1954 549 2004 si
557 1954 699 2022 interficere
710 1953 837 2018 voluisset,
851 1959 961 2022 quantae
974 1951 1087 2021 quotieas
1101 1952 1254 2016 occasiones,
1319 1938 1321 1942 Α

182 2059 255 2111 quam
271 2042 428 2112 praeclarae
442 2041 566 2109 sumunt!

271 2129 299 2182 In
321 2130 442 2184 oratione
462 2130 586 2201 obliqua:

273 2219 306 2272 de
320 2218 460 2272 dialta:
489 2219 557 2289 quod
579 2237 635 2271 euin
657 2220 788 2271 sensissent
810 2217 977 2289 Syracusani,
1004 2219 1140 2288 irrrprouiso
1163 2236 1205 2271 eos
1228 2219 1252 2270 iu

180 2316 266 2360 eastra
285 2309 408 2378 irrupisse
427 2307 654 2377 Hamilcaremque
672 2307 705 2360 ab
724 2309 755 2360 tis
773 2308 857 2360 uiuum
875 2326 926 2360 esse
945 2306 1079 2360 subtatum.

271 2397 324 2451 Pro
344 2397 503 2466 pronomine
523 2396 681 2451 adverbium
698 2396 853 2450 relativum:

270 2485 303 2538 de
318 2503 354 2539 or.
369 2485 485 2539 111145:
506 2485 560 2547 Quo
579 2504 635 2538 666(
655 2487 779 2555 inpressas
797 2504 869 2552 esses,
894 2493 996 2556 repente
1015 2494 1038 2538 te
1057 2487 1132 2555 quast
1149 2487 1253 2555 quidam*

179 2581 263 2626 aestus
281 2574 376 2644 inpeaii
399 2576 437 2627 tui
453 2577 549 2645 prestet
571 2593 587 2626 a
609 2582 681 2628 terra
704 2575 818 2645 abripuit
841 2582 916 2645 atque
935 2576 961 2626 tn
984 2575 1065 2626 altum
1083 2592 1100 2626 a
1119 2584 1252 2645 conspeetu

174 2682 259 2735 paene
278 2665 388 2716 ananiam
406 2664 541 2717 abstraxit.

269 2798 404 2851 Diversi
423 2799 565 2852 ordinis:

271 2896 300 2947 in
312 2896 388 2950 Verr,
402 2897 419 2948 1.
433 2896 469 2949 lv
482 2897 529 2950 39:
551 2897 624 2958 Quart
641 2897 685 2949 ubi
702 2898 747 2949 iste
760 2898 866 2962 audiuit,
885 2915 961 2966 nsque
974 2914 1002 2949 ea
1016 2903 1150 2949 autumatur
1163 2904 1207 2964 est,
1226 2904 1253 2948 nt

178 2986 233 3037 sinu
253 2985 305 3036 ulla
325 2985 480 3038 destitutione
500 2987 611 3039 insanire
631 2986 743 3038 erunibus
762 3005 794 3038 ne
808 2986 902 3054 sunere
919 2985 1056 3039 uideretur.

269 3073 300 3126 In
321 3074 434 3144 apodosi
453 3075 629 3144 interrogatio
654 3075 764 3145 obliqua
793 3082 819 3128 et
842 3075 943 3129 leontio
964 3093 979 3127 a
998 3093 1051 3146 qua
1072 3074 1120 3128 illa
1137 3075 1250 3146 pendet:

271 3162 304 3214 ad
319 3163 376 3215 Aa.
389 3163 413 3214 V
426 3163 469 3231 21,
484 3163 529 3217 13:
560 3182 624 3234 quae
642 3166 665 3217 si
682 3164 764 3217 Bruta
783 3183 834 3216 noa
848 3165 984 3235 probatur,
1012 3165 1094 3217 nesae
1116 3167 1250 3217 auritium

176 3270 294 3304 attremat.

248 3339 281 3391 ln
309 3341 423 3411 apodosi
452 3341 619 3395 enuntiatum
648 3343 845 3397 substantivum
873 3351 901 3397 et
928 3343 1028 3397 loeutio
1057 3362 1072 3396 a
1101 3361 1154 3414 qua
1182 3344 1250 3397 illud

176 3428 289 3499 pendet:

267 3518 300 3572 de
313 3518 360 3572 fat.
374 3519 422 3572 41:
442 3519 512 3581 Quae
524 3521 547 3571 si
557 3521 628 3590 upsae
640 3539 690 3572 ((66
703 3529 760 3573 surzt
772 3523 799 3573 (“((
813 3529 901 3575 nostru
914 3530 1048 3593 potestate,
1068 3540 1119 3574 aaa
1136 3524 1249 3593 sequitur

175 3616 204 3659 ut
223 3625 253 3660 ne
271 3609 399 3678 appetitus
418 3609 516 3678 quidem
535 3611 612 3662 sitin
631 3619 719 3663 nestra
733 3618 867 3681 potestate.

266 3696 332 3751 Post
350 3697 493 3751 relativum
513 3698 626 3752 alterum
645 3699 800 3752 relativum:

266 3785 370 3839 adAtt.
385 3785 517 3854 V111,7:
541 3806 617 3856 paam
636 3789 679 3857 (pa
696 3805 745 3839 noa
765 3789 884 3855 decrevit,
907 3791 968 3860 plus
987 3789 1105 3856 decrevit,
1134 3807 1249 3859 quamsi

176 3891 258 3926 orienes
277 3876 398 3928 decresset
417 3876 564 3946 triumphas.

264 3964 401 4034 Apodosis
421 3964 486 4018 faoit
504 3965 756 4036 interrogationem:

265 4072 291 4122 p.
306 4051 374 4106 Sest.
388 4053 435 4107 49:
456 4056 529 4116 ttuoa
546 4055 702 4122 sifererssem,
722 4056 789 4125 pauet
801 4075 817 4108 a
832 4074 869 4108 (((6
883 4056 1025 4125 talaminiam
1039 4055 1173 4123 naturaie,
1193 4074 1248 4109 euru

174 4158 223 4212 pro
242 4142 310 4194 rotis
328 4161 367 4209 ea,
387 4163 451 4213 quae
471 4144 537 4196 mileu
556 4146 722 4212 assentatio,
743 4147 914 4215 nelipuissem?
