2866 4762
597 301 829 365 -184-

177 480 240 556 „ist
263 479 330 542 und
355 480 473 542 daraus
497 479 549 541 ein
575 501 621 542 ex
645 501 719 565 quo
744 501 828 543 cum
852 480 971 563 macht,
996 481 1038 544 ist
1062 480 1248 545 (1161111011-

177 585 479 670 „wartsbewegung
503 586 603 650 schon
627 581 700 649 da.“

266 693 393 757 Deinde
419 693 514 777 paulo
539 693 637 758 infra:
667 693 734 776 „als
750 693 855 778 Regel
871 694 952 758 wird
972 716 1047 757 man
1065 694 1150 758 doeh
1175 694 1249 758 dem

178 800 321 883 „Wesen
345 800 402 864 des
426 800 586 865 Denkens
610 800 849 885 entsprechend
873 802 968 865 einen
992 802 1140 887 gerade
1165 825 1248 866 ver·

178 907 415 985 „laufenden
440 907 597 992 Vorgang
621 908 804 972 annohmen
828 903 991 972 mussen“.

266 1015 348 1080 Cum
365 1017 567 1081 Devantiero
584 1017 790 1100 assentimur,
816 1027 967 1101 putamus
983 1016 1249 1104 psychologicam

177 1146 306 1209 quoque
330 1125 489 1188 rationem
513 1123 675 1208 Kruegeri
700 1123 912 1207 explicationi
936 1124 1114 1188 adversari.

269 1231 352 1296 Cum
377 1232 418 1295 ad
442 1241 639 1295 structuram
656 1232 709 1295 ΙΠ
733 1234 858 1316 transit,
884 1233 1035 1313 opinatur
1058 1233 1249 1316 Kruegerus

177 1339 314 1402 eandem
338 1361 508 1404 occurrere
532 1339 786 1423 implicationem
810 1340 844 1403 in
868 1339 949 1404 locis
972 1349 1024 1404 ut:

266 1447 429 1532 Epicurus
459 1469 524 1510 noa
552 1449 629 1509 satis
656 1447 775 1531 politas
799 1461 844 1511 cst
867 1450 908 1510 iis
932 1447 1063 1529 ortibus,
1090 1469 1171 1531 quas
1196 1449 1252 1530 qni

178 1565 288 1635 tenerit,
314 1555 432 1616 er'zcditi
453 1554 671 1638 appellantur,
922 1562 923 1565 ’

268 1682 313 1723 or.
328 1651 418 1724 126:
444 1662 557 1723 dixisti
571 1683 634 1723 esse
653 1660 826 1746 permulta,
853 1683 934 1744 qnae
957 1673 1067 1724 orator
1090 1684 1110 1723 a
1132 1672 1250 1723 notura

177 1769 243 1829 nisi
264 1766 398 1848 liaberet,
424 1791 445 1830 o
467 1770 619 1852 mopiatr'o
643 1791 707 1831 aon
729 1768 863 1830 inultum
886 1769 1108 1844 odiuoor·etur;

270 1873 376 1952 Quom
399 1877 429 1938 si
450 1875 682 1960 caplioooiaset,
708 1895 772 1938 coa
796 1886 917 1938 tontum
939 1876 1117 1938 haesitaret.

245 2003 246 2006 ¹
268 1981 361 2046 Haec
374 1982 550 2066 explicatio
564 1983 646 2046 mira
660 1982 804 2058 videtur;
819 2005 893 2046 nam
908 2005 982 2047 cum
995 1981 1250 2065 implicationem

179 2090 331 2170 dicimus,
368 2091 550 2154 necessario
586 2091 671 2154 duae
708 2102 815 2173 partes
843 2113 913 2154 esse
943 2090 1078 2172 debent,
1108 2111 1194 2175 quae
1218 2090 1251 2152 in

80 2281 83 2285 ι
179 2219 277 2260 unam
295 2196 456 2280 implicari
472 2196 526 2260 vel
543 2198 676 2261 conflari
693 2199 825 2281 possint,
848 2197 904 2261 sed
922 2199 956 2260 in
977 2196 1137 2281 exemplis
1154 2218 1252 2281 supra

179 2304 286 2368 allatis
302 2326 386 2389 quae
408 2306 450 2368 sit
475 2327 548 2387 pars
563 2304 731 2388 implicata
754 2316 810 2368 aut
832 2327 917 2389 quae
934 2305 999 2368 sint
1023 2313 1141 2388 partes,
1167 2326 1251 2388 quae

82 2489 84 2493 Α
179 2411 339 2496 implicari
379 2411 432 2475 vel
468 2412 602 2475 conflari
643 2414 765 2494 possint
798 2435 856 2476 nos
896 2412 1029 2497 quidem
1068 2412 1252 2496 perspicere

179 2520 360 2604 nequimus
715 2527 717 2532 “

270 2626 355 2690 Sane
379 2627 592 2690 inveniuntur
612 2636 794 2690 structurae
812 2625 863 2689 III
887 2625 1047 2709 exempla,
1073 2626 1107 2689 in
1131 2624 1252 2717 quibus

180 2756 355 2818 pronomen
371 2732 546 2797 relativum
563 2757 582 2797 a
598 2733 699 2798 verbo
727 2733 921 2798 secundario
942 2733 1068 2818 diiungi
1084 2733 1185 2817 possit
1200 2742 1250 2797 ut:

270 2865 313 2905 cr.
342 2842 422 2906 126:
448 2843 561 2905 dixisti
580 2864 644 2904 ease
657 2843 828 2926 permulta,
855 2864 935 2925 quae
959 2853 1069 2906 orator
1092 2865 1112 2903 o
1134 2854 1253 2904 acturo

179 2956 244 3016 atsi
265 2951 402 3031 laederet,
427 2976 448 3014 a
470 2954 623 3036 anapistro
647 2951 865 3014 coartandum
890 2952 1111 3024 adduceretur3

180 3061 214 3124 in
238 3082 302 3146 quo
327 3059 392 3124 diei
416 3059 536 3124 Latine
559 3068 667 3144 potest
691 3058 806 3123 etiam:

271 3168 385 3231 dixisti
414 3189 483 3230 esse
515 3165 689 3250 permulta,
721 3167 754 3229 in
783 3165 915 3251 quibus,
948 3165 1011 3229 nisi
1039 3172 1148 3229 orator
1172 3185 1211 3227 ea
1234 3186 1254 3226 a

180 3284 297 3339 natura
322 3274 466 3356 haberet,
493 3297 513 3337 a
536 3275 691 3357 magistro
721 3282 754 3336 et
777 3295 809 3358 q.
835 3295 875 3353 s.;

182 3391 238 3445 aot
262 3383 368 3466 potius
393 3381 446 3444 hic
470 3380 574 3445 locus:

272 3489 389 3552 defin.
415 3488 528 3552 1119:
571 3483 679 3573 (puer)
718 3489 807 3571 infici
837 3487 924 3550 debet
950 3489 992 3550 iis
1016 3479 1146 3566 artibus,
1173 3507 1253 3569 quos

181 3600 240 3659 si.
267 3645 273 3658 .
301 3648 307 3660 .
334 3596 525 3687 corubiberit,
551 3598 594 3659 ad
616 3598 742 3660 litatae
765 3599 866 3660 ueniet
883 3597 1050 3680 paraliam

184 3726 242 3789 pro
267 3726 330 3788 quo
355 3703 421 3767 dici
445 3713 568 3788 potest:
599 3753 659 3768 ...
688 3704 729 3767 iis
753 3702 888 3784 artibus,
913 3701 1043 3787 quibus,
1069 3701 1096 3764 si
1112 3722 1167 3764 eas

343 3810 548 3894 combiberit,
573 3810 615 3874 ad
638 3812 761 3874 maiora
785 3811 896 3873 veniet
920 3810 1072 3894 paratior.

274 3918 369 3997 Quod
394 3940 471 3982 sane
497 3927 611 4002 potest,
637 3917 709 3982 sed:

398 4027 428 4090 1.
446 4026 526 4089 ‘Hoc
553 4025 685 4089 fortuito
714 4026 751 4089 fit
780 4034 813 4088 et
841 4032 967 4087 tantum
992 4024 1026 4086 in
1054 4007 1254 4107 quibusdam

454 4131 629 4216 exemplis,
