<?xml version="1.0" encoding="UTF-8"?>
<!DOCTYPE html PUBLIC "-//W3C//DTD XHTML 1.0 Transitional//EN"
    "http://www.w3.org/TR/xhtml1/DTD/xhtml1-transitional.dtd">
<html xmlns="http://www.w3.org/1999/xhtml" xml:lang="en" lang="en">
 <head>
  <title>
</title>
<meta http-equiv="Content-Type" content="text/html;charset=utf-8" />
  <meta name='ocr-system' content='tesseract 3.04.00' />
  <meta name='ocr-capabilities' content='ocr_page ocr_carea ocr_par ocr_line ocrx_word'/>
</head>
<body>
  <div class='ocr_page' id='page_1' title='image "./decomprehension00mihagoog_0175.png"; bbox 0 0 2866 4762; ppageno 0'>
   <div class='ocr_carea' id='block_1_1' title="bbox 616 303 849 368">
    <p class='ocr_par' dir='ltr' id='par_1_1' title="bbox 616 303 849 368">
     <span class='ocr_line' id='line_1_1' title="bbox 616 303 849 368; baseline 0 -1"><span class='ocrx_word' id='word_1_1' title='bbox 616 303 849 368; x_wconf 77' lang='lat'>-170—</span> 
     </span>
    </p>
   </div>
   <div class='ocr_carea' id='block_1_2' title="bbox 179 479 1267 3356">
    <p class='ocr_par' dir='ltr' id='par_1_2' title="bbox 191 479 1267 783">
     <span class='ocr_line' id='line_1_2' title="bbox 282 479 1267 567; baseline -0.005 -20"><span class='ocrx_word' id='word_1_2' title='bbox 282 483 385 547; x_wconf 90' lang='lat' dir='ltr'>Nemo</span> <span class='ocrx_word' id='word_1_3' title='bbox 420 483 525 547; x_wconf 91' lang='lat' dir='ltr'>nescit</span> <span class='ocrx_word' id='word_1_4' title='bbox 560 503 656 567; x_wconf 83' lang='lat' dir='ltr'>saepe</span> <span class='ocrx_word' id='word_1_5' title='bbox 689 501 866 566; x_wconf 84' lang='lat' dir='ltr'>pronomen</span> <span class='ocrx_word' id='word_1_6' title='bbox 895 479 1071 544; x_wconf 86' lang='lat' dir='ltr'>relativum</span> <span class='ocrx_word' id='word_1_7' title='bbox 1106 501 1165 563; x_wconf 94' lang='lat' dir='ltr'>pro</span> <span class='ocrx_word' id='word_1_8' title='bbox 1194 501 1267 564; x_wconf 92' lang='lat' dir='ltr'>pro-</span> 
     </span>
     <span class='ocr_line' id='line_1_3' title="bbox 191 587 1266 673; baseline -0.005 -18"><span class='ocrx_word' id='word_1_9' title='bbox 191 592 321 656; x_wconf 90' lang='lat' dir='ltr'>nomine</span> <span class='ocrx_word' id='word_1_10' title='bbox 345 590 601 654; x_wconf 86' lang='lat' dir='ltr'>demonstrativo</span> <span class='ocrx_word' id='word_1_11' title='bbox 626 598 659 653; x_wconf 91' lang='lat' dir='ltr'>et</span> <span class='ocrx_word' id='word_1_12' title='bbox 682 587 843 673; x_wconf 90' lang='lat' dir='ltr'>particula</span> <span class='ocrx_word' id='word_1_13' title='bbox 866 587 1092 652; x_wconf 87' lang='lat' dir='ltr'>coordinativa</span> <span class='ocrx_word' id='word_1_14' title='bbox 1115 588 1266 672; x_wconf 89' lang='lat' dir='ltr'>usurpari</span> 
     </span>
     <span class='ocr_line' id='line_1_4' title="bbox 193 697 426 783; baseline -0.021 -19"><span class='ocrx_word' id='word_1_15' title='bbox 193 721 295 783; x_wconf 86' lang='lat' dir='ltr'>posse,</span> <span class='ocrx_word' id='word_1_16' title='bbox 320 697 426 761; x_wconf 89' lang='lat' dir='ltr'>velut:</span> 
     </span>
    </p>

    <p class='ocr_par' dir='ltr' id='par_1_3' title="bbox 189 801 1265 1298">
     <span class='ocr_line' id='line_1_5' title="bbox 282 801 1265 889; baseline -0.003 -21"><span class='ocrx_word' id='word_1_17' title='bbox 282 805 357 868; x_wconf 87' lang='lat' dir='ltr'>Res</span> <span class='ocrx_word' id='word_1_18' title='bbox 373 804 662 889; x_wconf 77' lang='lat' dir='ltr'>loquituripsa3</span> <span class='ocrx_word' id='word_1_19' title='bbox 687 825 785 888; x_wconf 90' lang='lat' dir='ltr'>quae</span> <span class='ocrx_word' id='word_1_20' title='bbox 806 802 1011 887; x_wconf 90' lang='lat' dir='ltr'>plurimum</span> <span class='ocrx_word' id='word_1_21' title='bbox 1031 801 1149 866; x_wconf 88' lang='lat' dir='ltr'>valet.</span> <span class='ocrx_word' id='word_1_22' title='bbox 1198 802 1265 866; x_wconf 93' lang='lat' dir='ltr'>Ubi</span> 
     </span>
     <span class='ocr_line' id='line_1_6' title="bbox 190 909 1264 998; baseline -0.001 -23"><span class='ocrx_word' id='word_1_23' title='bbox 190 935 289 998; x_wconf 86' lang='lat' dir='ltr'>quae</span> <span class='ocrx_word' id='word_1_24' title='bbox 319 933 377 996; x_wconf 92' lang='lat' dir='ltr'>pro</span> <span class='ocrx_word' id='word_1_25' title='bbox 407 920 444 974; x_wconf 87' lang='lat' dir='ltr'>et</span> <span class='ocrx_word' id='word_1_26' title='bbox 472 933 515 974; x_wconf 88' lang='lat' dir='ltr'>ea</span> <span class='ocrx_word' id='word_1_27' title='bbox 543 910 597 974; x_wconf 91' lang='lat' dir='ltr'>vel</span> <span class='ocrx_word' id='word_1_28' title='bbox 626 933 668 974; x_wconf 87' lang='lat' dir='ltr'>ea</span> <span class='ocrx_word' id='word_1_29' title='bbox 697 918 827 989; x_wconf 86' lang='lat' dir='ltr'>autem¹</span> <span class='ocrx_word' id='word_1_30' title='bbox 852 909 982 974; x_wconf 90' lang='lat' dir='ltr'>dicitur.</span> <span class='ocrx_word' id='word_1_31' title='bbox 1030 910 1070 974; x_wconf 91' lang='lat' dir='ltr'>Id</span> <span class='ocrx_word' id='word_1_32' title='bbox 1098 911 1186 995; x_wconf 90' lang='lat' dir='ltr'>qnod</span> <span class='ocrx_word' id='word_1_33' title='bbox 1212 911 1264 974; x_wconf 91' lang='lat' dir='ltr'>hic</span> 
     </span>
     <span class='ocr_line' id='line_1_7' title="bbox 190 1016 1262 1104; baseline -0.003 -21"><span class='ocrx_word' id='word_1_34' title='bbox 190 1020 340 1101; x_wconf 84' lang='lat' dir='ltr'>occurrit,</span> <span class='ocrx_word' id='word_1_35' title='bbox 365 1028 473 1104; x_wconf 87' lang='lat' dir='ltr'>potest</span> <span class='ocrx_word' id='word_1_36' title='bbox 497 1017 698 1098; x_wconf 73' lang='lat' dir='ltr'>etiamtiam,</span> <span class='ocrx_word' id='word_1_37' title='bbox 731 1038 805 1079; x_wconf 89' lang='lat' dir='ltr'>cum</span> <span class='ocrx_word' id='word_1_38' title='bbox 829 1037 892 1079; x_wconf 94' lang='lat' dir='ltr'>non</span> <span class='ocrx_word' id='word_1_39' title='bbox 917 1016 1123 1080; x_wconf 85' lang='lat' dir='ltr'>enuntiatum</span> <span class='ocrx_word' id='word_1_40' title='bbox 1150 1039 1262 1100; x_wconf 91' lang='lat' dir='ltr'>unum,</span> 
     </span>
     <span class='ocr_line' id='line_1_8' title="bbox 190 1123 1262 1207; baseline -0.004 -17"><span class='ocrx_word' id='word_1_41' title='bbox 190 1126 247 1190; x_wconf 89' lang='lat' dir='ltr'>sed</span> <span class='ocrx_word' id='word_1_42' title='bbox 272 1126 462 1207; x_wconf 87' lang='lat' dir='ltr'>complexus</span> <span class='ocrx_word' id='word_1_43' title='bbox 488 1124 729 1187; x_wconf 89' lang='lat' dir='ltr'>enuntiatorum</span> <span class='ocrx_word' id='word_1_44' title='bbox 753 1123 851 1186; x_wconf 83' lang='lat' dir='ltr'><strong>simili</strong></span> <span class='ocrx_word' id='word_1_45' title='bbox 867 1123 992 1187; x_wconf 88' lang='lat' dir='ltr'>ratione</span> <span class='ocrx_word' id='word_1_46' title='bbox 1009 1124 1198 1207; x_wconf 85' lang='lat' dir='ltr'>pronomine</span> <span class='ocrx_word' id='word_1_47' title='bbox 1215 1146 1262 1187; x_wconf 93' lang='lat' dir='ltr'>re·</span> 
     </span>
     <span class='ocr_line' id='line_1_9' title="bbox 189 1210 1118 1298; baseline -0.003 -2"><span class='ocrx_word' id='word_1_48' title='bbox 189 1233 290 1298; x_wconf 88' lang='lat' dir='ltr'>lativo</span> <span class='ocrx_word' id='word_1_49' title='bbox 315 1233 513 1297; x_wconf 83' lang='lat' dir='ltr'>adnectitur:</span> <span class='ocrx_word' id='word_1_50' title='bbox 1106 1210 1118 1240; x_wconf 22' lang='grc' dir='ltr'>χ’</span> 
     </span>
    </p>

    <p class='ocr_par' dir='ltr' id='par_1_4' title="bbox 187 1333 1262 1849">
     <span class='ocr_line' id='line_1_10' title="bbox 280 1333 1262 1423; baseline -0.005 -18"><span class='ocrx_word' id='word_1_51' title='bbox 280 1340 351 1405; x_wconf 82' lang='lat' dir='ltr'>Cat.</span> <span class='ocrx_word' id='word_1_52' title='bbox 369 1362 411 1403; x_wconf 90' lang='lat' dir='ltr'>m.</span> <span class='ocrx_word' id='word_1_53' title='bbox 431 1333 487 1423; x_wconf 56' lang='lat'>13)</span> <span class='ocrx_word' id='word_1_54' title='bbox 512 1338 608 1402; x_wconf 82' lang='lat' dir='ltr'>Cuius</span> <span class='ocrx_word' id='word_1_55' title='bbox 628 1341 778 1423; x_wconf 72' lang='lat' dir='ltr'>mapiater</span> <span class='ocrx_word' id='word_1_56' title='bbox 792 1337 967 1400; x_wconf 82' lang='lat' dir='ltr'>Leoatiuua</span> <span class='ocrx_word' id='word_1_57' title='bbox 986 1336 1125 1420; x_wconf 74' lang='lat' dir='ltr'>Gorpiaa</span> <span class='ocrx_word' id='word_1_58' title='bbox 1142 1336 1262 1400; x_wconf 77' lang='lat' dir='ltr'>reatuin</span> 
     </span>
     <span class='ocr_line' id='line_1_11' title="bbox 190 1446 1260 1533; baseline -0.004 -21"><span class='ocrx_word' id='word_1_59' title='bbox 190 1461 219 1512; x_wconf 86' lang='lat' dir='ltr'>et</span> <span class='ocrx_word' id='word_1_60' title='bbox 245 1461 361 1533; x_wconf 76' lang='lat' dir='ltr'>reptem</span> <span class='ocrx_word' id='word_1_61' title='bbox 391 1446 558 1530; x_wconf 81' lang='lat' dir='ltr'>compleuit</span> <span class='ocrx_word' id='word_1_62' title='bbox 584 1467 808 1530; x_wconf 78' lang='lat' dir='ltr'>annosaeque</span> <span class='ocrx_word' id='word_1_63' title='bbox 835 1467 987 1528; x_wconf 77' lang='lat' dir='ltr'>umquam</span> <span class='ocrx_word' id='word_1_64' title='bbox 1013 1447 1049 1507; x_wconf 85' lang='lat' dir='ltr'>iu</span> <span class='ocrx_word' id='word_1_65' title='bbox 1076 1467 1132 1507; x_wconf 85' lang='lat' dir='ltr'>auo</span> <span class='ocrx_word' id='word_1_66' title='bbox 1157 1446 1260 1508; x_wconf 78' lang='lat' dir='ltr'>studio</span> 
     </span>
     <span class='ocr_line' id='line_1_12' title="bbox 189 1555 1261 1640; baseline -0.005 -21"><span class='ocrx_word' id='word_1_67' title='bbox 189 1569 282 1640; x_wconf 80' lang='lat' dir='ltr'>atque</span> <span class='ocrx_word' id='word_1_68' title='bbox 306 1577 398 1640; x_wconf 87' lang='lat' dir='ltr'>apere</span> <span class='ocrx_word' id='word_1_69' title='bbox 422 1557 567 1629; x_wconf 55' lang='lat' dir='ltr'>cessaria</span> <span class='ocrx_word' id='word_1_70' title='bbox 592 1555 658 1637; x_wconf 82' lang='lat' dir='ltr'>qui,</span> <span class='ocrx_word' id='word_1_71' title='bbox 684 1575 754 1616; x_wconf 86' lang='lat' dir='ltr'>aum</span> <span class='ocrx_word' id='word_1_72' title='bbox 777 1574 865 1615; x_wconf 85' lang='lat' dir='ltr'>eaeo</span> <span class='ocrx_word' id='word_1_73' title='bbox 887 1565 1099 1636; x_wconf 73' lang='lat' dir='ltr'>quaereretur,</span> <span class='ocrx_word' id='word_1_74' title='bbox 1125 1574 1183 1614; x_wconf 90' lang='lat' dir='ltr'>cur</span> <span class='ocrx_word' id='word_1_75' title='bbox 1198 1565 1261 1616; x_wconf 84' lang='lat' dir='ltr'>tam</span> 
     </span>
     <span class='ocr_line' id='line_1_13' title="bbox 188 1657 1260 1744; baseline -0.004 -18"><span class='ocrx_word' id='word_1_76' title='bbox 188 1666 244 1726; x_wconf 85' lang='lat' dir='ltr'>diu</span> <span class='ocrx_word' id='word_1_77' title='bbox 260 1663 351 1726; x_wconf 81' lang='lat' dir='ltr'>uellet</span> <span class='ocrx_word' id='word_1_78' title='bbox 366 1684 429 1725; x_wconf 81' lang='lat' dir='ltr'>esse</span> <span class='ocrx_word' id='word_1_79' title='bbox 444 1665 478 1723; x_wconf 85' lang='lat' dir='ltr'>ia</span> <span class='ocrx_word' id='word_1_80' title='bbox 493 1664 567 1742; x_wconf 85' lang='lat' dir='ltr'>uita,</span> <span class='ocrx_word' id='word_1_81' title='bbox 595 1661 710 1741; x_wconf 77' lang='lat' dir='ltr'>„Nihil</span> <span class='ocrx_word' id='word_1_82' title='bbox 725 1657 840 1723; x_wconf 73' lang='lat' dir='ltr'>habeo“</span> <span class='ocrx_word' id='word_1_83' title='bbox 859 1663 973 1744; x_wconf 83' lang='lat' dir='ltr'>iuquit,</span> <span class='ocrx_word' id='word_1_84' title='bbox 998 1661 1105 1744; x_wconf 79' lang='lat' dir='ltr'>„quod</span> <span class='ocrx_word' id='word_1_85' title='bbox 1120 1676 1260 1723; x_wconf 81' lang='lat' dir='ltr'>accusem</span> 
     </span>
     <span class='ocr_line' id='line_1_14' title="bbox 187 1763 781 1849; baseline -0.007 -16"><span class='ocrx_word' id='word_1_86' title='bbox 187 1767 401 1835; x_wconf 74' lang='lat' dir='ltr'>senectutem.“</span> <span class='ocrx_word' id='word_1_87' title='bbox 427 1805 471 1813; x_wconf 91' lang='lat'>—</span> <span class='ocrx_word' id='word_1_88' title='bbox 496 1763 717 1848; x_wconf 60' lang='lat' dir='ltr'>(Strucftura</span> <span class='ocrx_word' id='word_1_89' title='bbox 736 1768 781 1849; x_wconf 77' lang='lat'>1)3</span> 
     </span>
    </p>

    <p class='ocr_par' dir='ltr' id='par_1_5' title="bbox 275 1874 1212 1962">
     <span class='ocr_line' id='line_1_15' title="bbox 275 1874 1212 1962; baseline -0.003 -20"><span class='ocrx_word' id='word_1_90' title='bbox 275 1879 334 1942; x_wconf 87' lang='lat' dir='ltr'>ubi</span> <span class='ocrx_word' id='word_1_91' title='bbox 359 1900 415 1962; x_wconf 93' lang='lat' dir='ltr'>pro</span> <span class='ocrx_word' id='word_1_92' title='bbox 437 1881 494 1962; x_wconf 82' lang='lat' dir='ltr'>qui</span> <span class='ocrx_word' id='word_1_93' title='bbox 516 1877 582 1940; x_wconf 87' lang='lat' dir='ltr'>dici</span> <span class='ocrx_word' id='word_1_94' title='bbox 606 1883 727 1960; x_wconf 87' lang='lat' dir='ltr'>potest:</span> <span class='ocrx_word' id='word_1_95' title='bbox 752 1884 868 1960; x_wconf 86' lang='lat' dir='ltr'>atque</span> <span class='ocrx_word' id='word_1_96' title='bbox 892 1875 924 1939; x_wconf 89' lang='lat' dir='ltr'>is</span> <span class='ocrx_word' id='word_1_97' title='bbox 948 1874 1002 1938; x_wconf 88' lang='lat' dir='ltr'>vel</span> <span class='ocrx_word' id='word_1_98' title='bbox 1026 1875 1057 1938; x_wconf 93' lang='lat' dir='ltr'>is</span> <span class='ocrx_word' id='word_1_99' title='bbox 1081 1876 1212 1960; x_wconf 86' lang='lat' dir='ltr'>igitur.</span> 
     </span>
    </p>

    <p class='ocr_par' dir='ltr' id='par_1_6' title="bbox 183 1981 1259 2493">
     <span class='ocr_line' id='line_1_16' title="bbox 276 1981 1256 2068; baseline -0.002 -20"><span class='ocrx_word' id='word_1_100' title='bbox 276 1985 373 2048; x_wconf 83' lang='lat' dir='ltr'>Tusc.</span> <span class='ocrx_word' id='word_1_101' title='bbox 391 1985 421 2048; x_wconf 89' lang='lat' dir='ltr'>d.</span> <span class='ocrx_word' id='word_1_102' title='bbox 436 1984 470 2047; x_wconf 91' lang='lat' dir='ltr'>H</span> <span class='ocrx_word' id='word_1_103' title='bbox 487 1983 545 2047; x_wconf 86' lang='lat'>60:</span> <span class='ocrx_word' id='word_1_104' title='bbox 576 1983 661 2047; x_wconf 82' lang='lat' dir='ltr'>Noua</span> <span class='ocrx_word' id='word_1_105' title='bbox 685 2005 755 2044; x_wconf 83' lang='lat' dir='ltr'>cum</span> <span class='ocrx_word' id='word_1_106' title='bbox 778 2005 816 2044; x_wconf 83' lang='lat' dir='ltr'>ea</span> <span class='ocrx_word' id='word_1_107' title='bbox 838 1981 966 2045; x_wconf 81' lang='lat' dir='ltr'>renibus</span> <span class='ocrx_word' id='word_1_108' title='bbox 991 1982 1161 2063; x_wconf 81' lang='lat' dir='ltr'>laboraret,</span> <span class='ocrx_word' id='word_1_109' title='bbox 1186 1986 1256 2068; x_wconf 68' lang='lat' dir='ltr'>ipim</span> 
     </span>
     <span class='ocr_line' id='line_1_17' title="bbox 184 2085 1259 2174; baseline -0.001 -19"><span class='ocrx_word' id='word_1_110' title='bbox 184 2096 219 2155; x_wconf 87' lang='lat' dir='ltr'>ia</span> <span class='ocrx_word' id='word_1_111' title='bbox 243 2094 362 2155; x_wconf 85' lang='lat' dir='ltr'>eiulatu</span> <span class='ocrx_word' id='word_1_112' title='bbox 385 2091 577 2171; x_wconf 83' lang='lat' dir='ltr'>clamitabat,</span> <span class='ocrx_word' id='word_1_113' title='bbox 593 2085 689 2174; x_wconf 78' lang='lat' dir='ltr'>falsa</span> <span class='ocrx_word' id='word_1_114' title='bbox 712 2112 775 2152; x_wconf 83' lang='lat' dir='ltr'>esee</span> <span class='ocrx_word' id='word_1_115' title='bbox 795 2089 864 2168; x_wconf 84' lang='lat' dir='ltr'>ilia,</span> <span class='ocrx_word' id='word_1_116' title='bbox 890 2111 972 2173; x_wconf 83' lang='lat' dir='ltr'>quae</span> <span class='ocrx_word' id='word_1_117' title='bbox 987 2103 1080 2153; x_wconf 81' lang='lat' dir='ltr'>autea</span> <span class='ocrx_word' id='word_1_118' title='bbox 1096 2093 1134 2154; x_wconf 82' lang='lat' dir='ltr'>de</span> <span class='ocrx_word' id='word_1_119' title='bbox 1150 2092 1259 2155; x_wconf 85' lang='lat' dir='ltr'>dolore</span> 
     </span>
     <span class='ocr_line' id='line_1_18' title="bbox 183 2195 1259 2285; baseline 0 -23"><span class='ocrx_word' id='word_1_120' title='bbox 183 2203 253 2285; x_wconf 83' lang='lat' dir='ltr'>ipae</span> <span class='ocrx_word' id='word_1_121' title='bbox 275 2203 435 2273; x_wconf 80' lang='lat' dir='ltr'>aeuaiaeet3</span> <span class='ocrx_word' id='word_1_122' title='bbox 466 2220 557 2282; x_wconf 79' lang='lat' dir='ltr'>quera</span> <span class='ocrx_word' id='word_1_123' title='bbox 586 2219 655 2260; x_wconf 86' lang='lat' dir='ltr'>cum</span> <span class='ocrx_word' id='word_1_124' title='bbox 684 2195 845 2260; x_wconf 72' lang='lat' dir='ltr'>Cleanthea</span> <span class='ocrx_word' id='word_1_125' title='bbox 874 2197 1108 2280; x_wconf 81' lang='lat' dir='ltr'>condiscipulus</span> <span class='ocrx_word' id='word_1_126' title='bbox 1131 2211 1259 2282; x_wconf 73' lang='lat' dir='ltr'>roqaret</span> 
     </span>
     <span class='ocr_line' id='line_1_19' title="bbox 185 2305 1256 2391; baseline -0.002 -21"><span class='ocrx_word' id='word_1_127' title='bbox 185 2329 341 2391; x_wconf 79' lang='lat' dir='ltr'>quaenam</span> <span class='ocrx_word' id='word_1_128' title='bbox 375 2309 458 2370; x_wconf 83' lang='lat' dir='ltr'>ratio</span> <span class='ocrx_word' id='word_1_129' title='bbox 495 2328 563 2369; x_wconf 82' lang='lat' dir='ltr'>euru</span> <span class='ocrx_word' id='word_1_130' title='bbox 598 2307 636 2368; x_wconf 82' lang='lat' dir='ltr'>de</span> <span class='ocrx_word' id='word_1_131' title='bbox 670 2308 822 2368; x_wconf 77' lang='lat' dir='ltr'>sententia</span> <span class='ocrx_word' id='word_1_132' title='bbox 851 2305 1040 2384; x_wconf 71' lang='lat' dir='ltr'>deduxisset,</span> <span class='ocrx_word' id='word_1_133' title='bbox 1076 2308 1256 2391; x_wconf 78' lang='lat' dir='ltr'>respoudit:</span> 
     </span>
     <span class='ocr_line' id='line_1_20' title="bbox 185 2408 500 2493; baseline -0.016 -15"><span class='ocrx_word' id='word_1_134' title='bbox 185 2413 414 2491; x_wconf 86' lang='lat' dir='ltr'>(Structura</span> <span class='ocrx_word' id='word_1_135' title='bbox 438 2408 500 2493; x_wconf 74' lang='lat'>11);</span> 
     </span>
    </p>

    <p class='ocr_par' dir='ltr' id='par_1_7' title="bbox 273 2519 1198 2606">
     <span class='ocr_line' id='line_1_21' title="bbox 273 2519 1198 2606; baseline 0 -22"><span class='ocrx_word' id='word_1_136' title='bbox 273 2523 306 2585; x_wconf 95' lang='lat' dir='ltr'>in</span> <span class='ocrx_word' id='word_1_137' title='bbox 331 2542 395 2606; x_wconf 92' lang='lat' dir='ltr'>quo</span> <span class='ocrx_word' id='word_1_138' title='bbox 419 2520 489 2584; x_wconf 92' lang='lat' dir='ltr'>loco</span> <span class='ocrx_word' id='word_1_139' title='bbox 515 2542 571 2604; x_wconf 91' lang='lat' dir='ltr'>pro</span> <span class='ocrx_word' id='word_1_140' title='bbox 596 2541 705 2604; x_wconf 92' lang='lat' dir='ltr'>quem</span> <span class='ocrx_word' id='word_1_141' title='bbox 730 2519 796 2582; x_wconf 89' lang='lat' dir='ltr'>dici</span> <span class='ocrx_word' id='word_1_142' title='bbox 820 2528 939 2602; x_wconf 86' lang='lat' dir='ltr'>potest:</span> <span class='ocrx_word' id='word_1_143' title='bbox 965 2527 1082 2604; x_wconf 86' lang='lat' dir='ltr'>atque</span> <span class='ocrx_word' id='word_1_144' title='bbox 1106 2541 1198 2584; x_wconf 93' lang='lat' dir='ltr'>eum.</span> 
     </span>
    </p>

    <p class='ocr_par' dir='ltr' id='par_1_8' title="bbox 181 2627 1256 3035">
     <span class='ocr_line' id='line_1_22' title="bbox 273 2627 1254 2711; baseline -0.001 -20"><span class='ocrx_word' id='word_1_145' title='bbox 273 2629 325 2692; x_wconf 90' lang='lat' dir='ltr'>De</span> <span class='ocrx_word' id='word_1_146' title='bbox 338 2628 404 2692; x_wconf 88' lang='lat' dir='ltr'>div.</span> <span class='ocrx_word' id='word_1_147' title='bbox 417 2628 434 2690; x_wconf 90' lang='lat' dir='ltr'>I</span> <span class='ocrx_word' id='word_1_148' title='bbox 447 2628 504 2691; x_wconf 83' lang='lat'>96:</span> <span class='ocrx_word' id='word_1_149' title='bbox 530 2627 697 2711; x_wconf 74' lang='lat' dir='ltr'>Lycurpus</span> <span class='ocrx_word' id='word_1_150' title='bbox 711 2629 846 2711; x_wconf 80' lang='lat' dir='ltr'>quidem,</span> <span class='ocrx_word' id='word_1_151' title='bbox 862 2630 919 2711; x_wconf 81' lang='lat' dir='ltr'>qui</span> <span class='ocrx_word' id='word_1_152' title='bbox 931 2627 1254 2692; x_wconf 78' lang='lat' dir='ltr'>Lacedaemoniorum</span> 
     </span>
     <span class='ocr_line' id='line_1_23' title="bbox 182 2736 1256 2820; baseline 0.001 -22"><span class='ocrx_word' id='word_1_153' title='bbox 182 2736 430 2820; x_wconf 82' lang='lat' dir='ltr'>rempublicam</span> <span class='ocrx_word' id='word_1_154' title='bbox 455 2738 647 2819; x_wconf 80' lang='lat' dir='ltr'>temperavit,</span> <span class='ocrx_word' id='word_1_155' title='bbox 677 2736 756 2818; x_wconf 73' lang='lat' dir='ltr'>lepea</span> <span class='ocrx_word' id='word_1_156' title='bbox 784 2757 858 2797; x_wconf 80' lang='lat' dir='ltr'>auae</span> <span class='ocrx_word' id='word_1_157' title='bbox 882 2737 1069 2798; x_wconf 82' lang='lat' dir='ltr'>auctoritate</span> <span class='ocrx_word' id='word_1_158' title='bbox 1092 2736 1256 2820; x_wconf 80' lang='lat' dir='ltr'>Apollinis</span> 
     </span>
     <span class='ocr_line' id='line_1_24' title="bbox 181 2840 1255 2930; baseline 0.001 -24"><span class='ocrx_word' id='word_1_159' title='bbox 181 2844 334 2928; x_wconf 71' lang='lat' dir='ltr'>Delphici</span> <span class='ocrx_word' id='word_1_160' title='bbox 368 2845 576 2930; x_wconf 64' lang='lat' dir='ltr'>confirmauit.</span> <span class='ocrx_word' id='word_1_161' title='bbox 633 2840 720 2920; x_wconf 77' lang='lat' dir='ltr'>Quas</span> <span class='ocrx_word' id='word_1_162' title='bbox 749 2864 819 2904; x_wconf 83' lang='lat' dir='ltr'>curu</span> <span class='ocrx_word' id='word_1_163' title='bbox 850 2842 942 2905; x_wconf 79' lang='lat' dir='ltr'>uellet</span> <span class='ocrx_word' id='word_1_164' title='bbox 974 2843 1139 2926; x_wconf 47' lang='lat' dir='ltr'>Iupaauder</span> <span class='ocrx_word' id='word_1_165' title='bbox 1173 2867 1255 2907; x_wconf 86' lang='lat' dir='ltr'>eom-</span> 
     </span>
     <span class='ocr_line' id='line_1_25' title="bbox 181 2945 1253 3035; baseline 0.001 -22"><span class='ocrx_word' id='word_1_166' title='bbox 181 2964 313 3031; x_wconf 84' lang='lat' dir='ltr'>mutare,</span> <span class='ocrx_word' id='word_1_167' title='bbox 339 2952 446 3014; x_wconf 83' lang='lat' dir='ltr'>eadem</span> <span class='ocrx_word' id='word_1_168' title='bbox 470 2962 515 3013; x_wconf 82' lang='lat' dir='ltr'>eat</span> <span class='ocrx_word' id='word_1_169' title='bbox 532 2950 718 3035; x_wconf 76' lang='lat' dir='ltr'>prohibitur</span> <span class='ocrx_word' id='word_1_170' title='bbox 732 2950 893 3034; x_wconf 73' lang='lat' dir='ltr'>relipioue.</span> <span class='ocrx_word' id='word_1_171' title='bbox 932 2948 1156 3028; x_wconf 85' lang='lat' dir='ltr'>(Structura</span> <span class='ocrx_word' id='word_1_172' title='bbox 1172 2945 1253 3034; x_wconf 80' lang='grc' dir='ltr'>ΙΙΙ);</span> 
     </span>
    </p>

    <p class='ocr_par' dir='ltr' id='par_1_9' title="bbox 272 3057 903 3143">
     <span class='ocr_line' id='line_1_26' title="bbox 272 3057 903 3143; baseline -0.002 -22"><span class='ocrx_word' id='word_1_173' title='bbox 272 3080 328 3142; x_wconf 91' lang='lat' dir='ltr'>pro</span> <span class='ocrx_word' id='word_1_174' title='bbox 353 3080 447 3143; x_wconf 86' lang='lat' dir='ltr'>quas</span> <span class='ocrx_word' id='word_1_175' title='bbox 471 3057 537 3121; x_wconf 90' lang='lat' dir='ltr'>dici</span> <span class='ocrx_word' id='word_1_176' title='bbox 561 3065 667 3141; x_wconf 87' lang='lat' dir='ltr'>potest</span> <span class='ocrx_word' id='word_1_177' title='bbox 691 3066 805 3142; x_wconf 87' lang='lat' dir='ltr'>atque</span> <span class='ocrx_word' id='word_1_178' title='bbox 830 3079 903 3120; x_wconf 81' lang='lat' dir='ltr'>eas,</span> 
     </span>
    </p>

    <p class='ocr_par' dir='ltr' id='par_1_10' title="bbox 179 3163 1254 3356">
     <span class='ocr_line' id='line_1_27' title="bbox 271 3163 1254 3248; baseline 0.002 -20"><span class='ocrx_word' id='word_1_179' title='bbox 271 3165 342 3228; x_wconf 93' lang='lat' dir='ltr'>Hoc</span> <span class='ocrx_word' id='word_1_180' title='bbox 366 3164 462 3227; x_wconf 89' lang='lat' dir='ltr'>modo</span> <span class='ocrx_word' id='word_1_181' title='bbox 486 3165 662 3248; x_wconf 87' lang='lat' dir='ltr'>opinantur</span> <span class='ocrx_word' id='word_1_182' title='bbox 684 3163 732 3227; x_wconf 94' lang='lat' dir='ltr'>illi</span> <span class='ocrx_word' id='word_1_183' title='bbox 757 3186 799 3226; x_wconf 84' lang='lat' dir='ltr'>ex</span> <span class='ocrx_word' id='word_1_184' title='bbox 822 3186 883 3227; x_wconf 91' lang='lat' dir='ltr'>usu</span> <span class='ocrx_word' id='word_1_185' title='bbox 907 3164 1106 3248; x_wconf 86' lang='lat' dir='ltr'>pronominis</span> <span class='ocrx_word' id='word_1_186' title='bbox 1121 3165 1254 3230; x_wconf 83' lang='lat' dir='ltr'>relativi</span> 
     </span>
     <span class='ocr_line' id='line_1_28' title="bbox 179 3271 1163 3356; baseline 0 -20"><span class='ocrx_word' id='word_1_187' title='bbox 179 3295 237 3356; x_wconf 91' lang='lat' dir='ltr'>pro</span> <span class='ocrx_word' id='word_1_188' title='bbox 261 3272 517 3335; x_wconf 87' lang='lat' dir='ltr'>demonstrativo</span> <span class='ocrx_word' id='word_1_189' title='bbox 543 3279 730 3335; x_wconf 85' lang='lat' dir='ltr'>structuras·</span> <span class='ocrx_word' id='word_1_190' title='bbox 745 3271 771 3354; x_wconf 83' lang='grc' dir='ltr'>Ι,</span> <span class='ocrx_word' id='word_1_191' title='bbox 797 3271 832 3333; x_wconf 90' lang='grc' dir='ltr'>Π</span> <span class='ocrx_word' id='word_1_192' title='bbox 857 3280 889 3335; x_wconf 89' lang='lat' dir='ltr'>et</span> <span class='ocrx_word' id='word_1_193' title='bbox 912 3271 965 3335; x_wconf 92' lang='grc' dir='ltr'>ΙΠ</span> <span class='ocrx_word' id='word_1_194' title='bbox 989 3272 1163 3336; x_wconf 85' lang='lat' dir='ltr'>exstitisse.</span> 
     </span>
    </p>
   </div>
   <div class='ocr_carea' id='block_1_3' title="bbox 176 3476 1252 4210">
    <p class='ocr_par' dir='ltr' id='par_1_11' title="bbox 176 3476 1252 4210">
     <span class='ocr_line' id='line_1_29' title="bbox 269 3476 1252 3564; baseline 0.004 -25"><span class='ocrx_word' id='word_1_195' title='bbox 269 3476 324 3539; x_wconf 84' lang='lat' dir='ltr'>Ex</span> <span class='ocrx_word' id='word_1_196' title='bbox 347 3476 498 3541; x_wconf 92' lang='lat' dir='ltr'>omnibns</span> <span class='ocrx_word' id='word_1_197' title='bbox 522 3477 601 3540; x_wconf 89' lang='lat' dir='ltr'>viris</span> <span class='ocrx_word' id='word_1_198' title='bbox 625 3476 729 3540; x_wconf 87' lang='lat' dir='ltr'>doctis</span> <span class='ocrx_word' id='word_1_199' title='bbox 752 3476 834 3540; x_wconf 90' lang='lat' dir='ltr'>hanc</span> <span class='ocrx_word' id='word_1_200' title='bbox 858 3479 1063 3562; x_wconf 86' lang='lat' dir='ltr'>sententiam,</span> <span class='ocrx_word' id='word_1_201' title='bbox 1093 3488 1252 3564; x_wconf 89' lang='lat' dir='ltr'>quantum</span> 
     </span>
     <span class='ocr_line' id='line_1_30' title="bbox 178 3583 1251 3671; baseline 0.005 -24"><span class='ocrx_word' id='word_1_202' title='bbox 178 3585 308 3666; x_wconf 73' lang='lat' dir='ltr'>seimus²</span> <span class='ocrx_word' id='word_1_203' title='bbox 333 3607 417 3648; x_wconf 87' lang='lat' dir='ltr'>unus</span> <span class='ocrx_word' id='word_1_204' title='bbox 441 3584 708 3648; x_wconf 87' lang='lat' dir='ltr'>Devantierus</span> <span class='ocrx_word' id='word_1_205' title='bbox 733 3583 827 3667; x_wconf 88' lang='lat' dir='ltr'>plene</span> <span class='ocrx_word' id='word_1_206' title='bbox 858 3593 890 3649; x_wconf 90' lang='lat' dir='ltr'>et</span> <span class='ocrx_word' id='word_1_207' title='bbox 919 3596 1030 3667; x_wconf 89' lang='lat' dir='ltr'>aperte</span> <span class='ocrx_word' id='word_1_208' title='bbox 1060 3607 1251 3671; x_wconf 86' lang='lat' dir='ltr'>oppugnare</span> 
     </span>
     <span class='ocr_line' id='line_1_31' title="bbox 178 3688 1252 3777; baseline 0.004 -22"><span class='ocrx_word' id='word_1_209' title='bbox 178 3693 365 3776; x_wconf 77' lang='lat' dir='ltr'>temptavit3</span> <span class='ocrx_word' id='word_1_210' title='bbox 390 3691 431 3755; x_wconf 90' lang='lat' dir='ltr'>de</span> <span class='ocrx_word' id='word_1_211' title='bbox 448 3713 513 3776; x_wconf 86' lang='lat' dir='ltr'>qna</span> <span class='ocrx_word' id='word_1_212' title='bbox 536 3688 600 3774; x_wconf 86' lang='lat' dir='ltr'>(op.</span> <span class='ocrx_word' id='word_1_213' title='bbox 618 3690 671 3754; x_wconf 87' lang='lat' dir='ltr'>all.</span> <span class='ocrx_word' id='word_1_214' title='bbox 689 3713 720 3774; x_wconf 87' lang='lat' dir='ltr'>p.</span> <span class='ocrx_word' id='word_1_215' title='bbox 741 3694 777 3754; x_wconf 93' lang='lat' dir='ltr'>ll</span> <span class='ocrx_word' id='word_1_216' title='bbox 797 3688 860 3777; x_wconf 87' lang='lat' dir='ltr'>sq.)</span> <span class='ocrx_word' id='word_1_217' title='bbox 876 3691 956 3756; x_wconf 87' lang='lat' dir='ltr'>haec</span> <span class='ocrx_word' id='word_1_218' title='bbox 973 3693 1100 3757; x_wconf 78' lang='lat' dir='ltr'>scribit:</span> <span class='ocrx_word' id='word_1_219' title='bbox 1152 3695 1252 3777; x_wconf 88' lang='lat' dir='ltr'>„Man</span> 
     </span>
     <span class='ocr_line' id='line_1_32' title="bbox 180 3798 1249 3886; baseline 0.005 -24"><span class='ocrx_word' id='word_1_220' title='bbox 180 3799 256 3882; x_wconf 85' lang='lat' dir='ltr'>„hat</span> <span class='ocrx_word' id='word_1_221' title='bbox 280 3801 350 3864; x_wconf 87' lang='lat' dir='ltr'>sich</span> <span class='ocrx_word' id='word_1_222' title='bbox 374 3800 445 3863; x_wconf 89' lang='lat' dir='ltr'>hier</span> <span class='ocrx_word' id='word_1_223' title='bbox 469 3799 526 3862; x_wconf 89' lang='lat' dir='ltr'>das</span> <span class='ocrx_word' id='word_1_224' title='bbox 551 3798 749 3884; x_wconf 77' lang='lat' dir='ltr'>Satzgeftige</span> <span class='ocrx_word' id='word_1_225' title='bbox 765 3800 922 3865; x_wconf 77' lang='lat' dir='ltr'>zunachst</span> <span class='ocrx_word' id='word_1_226' title='bbox 941 3801 1033 3865; x_wconf 89' lang='lat' dir='ltr'>nicht</span> <span class='ocrx_word' id='word_1_227' title='bbox 1048 3801 1249 3886; x_wconf 77' lang='lat' dir='ltr'>relativisch‚</span> 
     </span>
     <span class='ocr_line' id='line_1_33' title="bbox 180 3909 1250 3994; baseline 0.005 -23"><span class='ocrx_word' id='word_1_228' title='bbox 180 3909 340 3990; x_wconf 87' lang='lat' dir='ltr'>„sondern</span> <span class='ocrx_word' id='word_1_229' title='bbox 371 3910 430 3973; x_wconf 93' lang='lat' dir='ltr'>mit</span> <span class='ocrx_word' id='word_1_230' title='bbox 458 3910 564 3972; x_wconf 89' lang='lat' dir='ltr'>eincm</span> <span class='ocrx_word' id='word_1_231' title='bbox 593 3909 895 3974; x_wconf 89' lang='lat' dir='ltr'>Demonstrativum</span> <span class='ocrx_word' id='word_1_232' title='bbox 920 3933 960 3975; x_wconf 88' lang='lat' dir='ltr'>zu</span> <span class='ocrx_word' id='word_1_233' title='bbox 983 3911 1125 3994; x_wconf 85' lang='lat' dir='ltr'>denken‚</span> <span class='ocrx_word' id='word_1_234' title='bbox 1163 3912 1250 3977; x_wconf 88' lang='lat' dir='ltr'>also:</span> 
     </span>
     <span class='ocr_line' id='line_1_34' title="bbox 180 4014 1249 4103; baseline 0.004 -24"><span class='ocrx_word' id='word_1_235' title='bbox 180 4037 274 4098; x_wconf 88' lang='lat' dir='ltr'>„eum</span> <span class='ocrx_word' id='word_1_236' title='bbox 298 4039 340 4080; x_wconf 85' lang='lat' dir='ltr'>ex</span> <span class='ocrx_word' id='word_1_237' title='bbox 366 4039 403 4080; x_wconf 91' lang='lat' dir='ltr'>eo</span> <span class='ocrx_word' id='word_1_238' title='bbox 425 4026 645 4102; x_wconf 79' lang='lat' dir='ltr'>quaereretur,</span> <span class='ocrx_word' id='word_1_239' title='bbox 671 4014 796 4103; x_wconf 84' lang='lat' dir='ltr'>inquit“</span> <span class='ocrx_word' id='word_1_240' title='bbox 823 4027 1002 4103; x_wconf 85' lang='lat' dir='ltr'>sequuntur</span> <span class='ocrx_word' id='word_1_241' title='bbox 1025 4019 1090 4083; x_wconf 85' lang='lat' dir='ltr'>alia</span> <span class='ocrx_word' id='word_1_242' title='bbox 1113 4019 1249 4102; x_wconf 79' lang='lat' dir='ltr'>similia3</span> 
     </span>
     <span class='ocr_line' id='line_1_35' title="bbox 176 4124 1248 4210; baseline 0.006 -24"><span class='ocrx_word' id='word_1_243' title='bbox 176 4145 271 4208; x_wconf 90' lang='lat' dir='ltr'>porro</span> <span class='ocrx_word' id='word_1_244' title='bbox 301 4125 348 4187; x_wconf 90' lang='lat' dir='ltr'>ita</span> <span class='ocrx_word' id='word_1_245' title='bbox 379 4125 498 4208; x_wconf 83' lang='lat' dir='ltr'>pergit:</span> <span class='ocrx_word' id='word_1_246' title='bbox 549 4124 681 4205; x_wconf 85' lang='lat' dir='ltr'>„Durch</span> <span class='ocrx_word' id='word_1_247' title='bbox 720 4124 982 4210; x_wconf 87' lang='lat' dir='ltr'>Umwandelung</span> <span class='ocrx_word' id='word_1_248' title='bbox 1015 4126 1072 4190; x_wconf 85' lang='lat' dir='ltr'>des</span> <span class='ocrx_word' id='word_1_249' title='bbox 1101 4127 1248 4192; x_wconf 93' lang='lat' dir='ltr'>Demon-</span> 
     </span>
    </p>
   </div>
   <div class='ocr_carea' id='block_1_4' title="bbox 0 0 1438 4762">
    <p class='ocr_par' dir='ltr' id='par_1_12' title="bbox 0 0 1438 4762">
     <span class='ocr_line' id='line_1_36' title="bbox 0 0 1438 4762; baseline 0 4"><span class='ocrx_word' id='word_1_250' title='bbox 0 0 1438 4762; x_wconf 95' lang='lat' dir='ltr'> </span> 
     </span>
    </p>
   </div>
  </div>
 </body>
</html>
