2866 4762
661 278 870 341 „50-

229 467 262 520 et
283 479 366 540 quae
387 479 407 518 a
431 456 543 540 lingna
560 455 784 534 Germanioa¹l
811 457 940 519 omnino
966 455 1133 518 abhorret:
1159 456 1300 540 primum

229 565 362 648 ponitur
386 565 590 626 enuntiatum
615 563 855 646 secundarium,
880 562 967 647 quod
989 584 1167 647 pronomen
1190 561 1300 626 relati-

228 694 306 734 vum
336 672 494 751 eontinet,
526 671 644 734 deinde
672 669 811 734 alterum
840 671 1045 733 enuntiatum
1070 669 1301 733 secundarium

229 777 374 841 eiusdem
390 778 512 840 ordinis
529 787 562 841 et
578 777 665 862 qnod
682 779 848 841 notionem
869 777 999 840 relativi
1023 776 1300 861 comprehendere

228 883 319 967 solet,
344 885 487 969 denique
504 885 707 947 enuntiatum
725 885 925 969 primarium,
951 883 1005 946 vel
1026 883 1131 947 solum
1148 883 1201 947 vel
1225 906 1300 948 oum

228 992 300 1056 aliis
331 994 524 1073 enuntiatio,
555 993 720 1055 notionem
745 992 890 1055 eiusdem
920 991 1051 1055 relativi
1075 993 1244 1055 continens
1269 1008 1302 1054 et

228 1099 314 1185 quod
345 1101 502 1184 epodosin
531 1101 626 1180 faoii3
656 1100 713 1164 sed
738 1100 819 1163 haee
844 1100 906 1162 tria
931 1101 1100 1163 enuntiata
1124 1101 1171 1163 ilo
1194 1100 1301 1184 posita

228 1220 260 1270 et
289 1221 446 1292 usurpata
476 1220 567 1289 suni,
597 1219 634 1270 ut
662 1208 842 1271 secundnm
873 1210 1076 1271 enuntiatum
1107 1221 1232 1272 lantum
1258 1208 1301 1270 ad

228 1315 432 1378 enuntiatum
458 1316 647 1400 primarium
671 1316 845 1394 referatur,
872 1317 1011 1400 primum
1036 1330 1145 1379 autem
1169 1315 1211 1378 ad
1236 1314 1300 1379 duo

229 1422 365 1506 reliqua,
392 1445 475 1506 quae
500 1423 622 1485 arelius
646 1423 731 1485 inter
755 1445 788 1485 se
813 1421 1069 1506 coniunguntur:

319 1531 351 1592 in
371 1531 462 1593 Verr.
480 1529 500 1592 l.
518 1530 566 1591 IV
584 1529 641 1592 48:
670 1533 734 1606 Qui
756 1553 826 1593 eum
848 1533 883 1592 iri
907 1532 1085 1592 convivium
1104 1531 1247 1609 venirem,
1273 1533 1304 1592 ei

229 1640 406 1722 peridquom
423 1638 537 1699 caelati
551 1639 751 1722 adspexerat,
766 1661 878 1698 pronon
891 1637 1057 1715 abitinere,
1082 1639 1211 1714 iudicer,
1236 1659 1301 1700 non

224 1758 360 1830 poteret.
388 1779 425 1786 -
453 1742 611 1825 a:(b:A)3
649 1744 689 1806 de
714 1767 758 1807 or.
777 1744 906 1807 11278:
939 1748 1089 1827 quicum
1113 1748 1148 1807 ire
1176 1745 1300 1829 epiioqo

228 1853 480 1914 mirericordiam
496 1873 527 1914 ee
542 1854 675 1914 moriere
689 1863 827 1936 putaret,
844 1864 1013 1936 pontenani
1030 1852 1157 1930 assedit,
1175 1855 1302 1936 reponit

227 1960 320 2038 derne,
349 1960 547 2021 videreturne
570 1960 822 2021 mirericordiam
845 1962 986 2021 monime.

321 2066 509 2130 Secundum
554 2066 756 2128 enuntiatum
802 2066 982 2128 arctissime
1022 2087 1096 2129 oum
1133 2064 1301 2128 enuntiato

231 2175 385 2258 primerio
421 2175 631 2236 ooniunotnm
668 2195 737 2236 esse
771 2184 908 2258 apparet
936 2174 1034 2236 etiam
1064 2196 1106 2236 ex
1135 2195 1182 2251 eo,
1212 2172 1301 2257 quod

228 2283 376 2365 proxime
413 2294 487 2342 ante
522 2279 604 2343 illud
639 2280 801 2364 particula
836 2280 997 2364 quaedam
1033 2282 1179 2364 ponitur,
1217 2302 1301 2365 quae

233 2388 368 2471 epodosi
392 2388 547 2471 anteponi
572 2387 664 2466 solet,
690 2386 795 2450 velut:

318 2496 352 2556 in
376 2493 497 2558 anoil.
516 2494 582 2557 div.
601 2494 658 2557 60:
689 2497 746 2577 qui
774 2497 804 2557 ei
825 2517 979 2557 nemmem
1003 2497 1157 2558 iniuriam
1181 2494 1221 2556 ob
1245 2495 1302 2557 iiio

229 2604 389 2686 occepisti,
419 2613 535 2676 lomere,
565 2603 718 2685 prenniano
742 2615 890 2686 quaeetor
910 2605 974 2664 eine
991 2601 1102 2686 fideii,
1126 2623 1191 2664 non
1211 2613 1303 2686 poter

230 2733 299 2771 erem
322 2712 389 2771 eine
412 2709 480 2770 elia
503 2711 736 2793 vituperatione
759 2731 921 2787 oeeeeeere3

373 2810 455 2864 Ilem:
481 2810 515 2863 de
540 2829 577 2864 or.
603 2811 641 2863 lll
666 2812 717 2866 106
746 2814 801 2880 (qni
819 2813 995 2882 anrmqnarn):
1024 2831 1050 2881 p.
1079 2811 1158 2864 lloso.
1188 2812 1221 2862 A.
1251 2809 1303 2863 147

303 2904 379 2971 (qrme
398 2903 478 2968 errrn);
499 2901 531 2953 ad
552 2901 615 2954 fam.
635 2901 674 2953 Ill
694 2902 735 2968 10,
755 2902 772 2956 3
792 2904 848 2971 (qni
865 2904 941 2970 enin).

319 2997 366 3060 Ut
389 2993 701 3079 Naegelsbaohiuff)
729 3012 818 3059 reete
850 2998 946 3078 dieii,
984 2998 1016 3058 in
1046 2995 1302 3059 conformatione

230 3104 372 3188 quadam
401 3102 493 3166 velut
521 3126 560 3166 ea
588 3125 673 3187 quae
702 3103 822 3186 legitur
851 3105 884 3167 in
913 3116 993 3167 orat.
1024 3104 1057 3166 in
1082 3103 1176 3165 Verr.
1208 3102 1226 3164 l.
1252 3100 1302 3164 IV

230 3212 285 3292 48,
320 3213 417 3274 etiam
453 3233 528 3273 euin
563 3209 676 3273 eadem
718 3226 767 3274 est
801 3213 986 3276 ooniunotio
1020 3211 1231 3274 subiunoiiva
1270 3209 1303 3272 in

230 3331 368 3402 utroque
397 3318 564 3380 enuntiato
595 3318 804 3401 secundam,
834 3320 964 3382 omnino
994 3320 1071 3403 poni
1107 3340 1172 3382 non
1207 3339 1303 3401 posse

231 3440 258 3489 el
281 3425 334 3488 vel
360 3425 457 3488 aliam
481 3424 619 3487 similem
643 3426 838 3503 perticulam
863 3425 1035 3489 interduo
1061 3425 1244 3488 enuntiata:
1275 3463 1277 3466 -

320 3556 351 3617 p.
370 3532 499 3597 Oluent.
520 3533 597 3594 140:
617 3535 674 3615 qui
685 3556 755 3594 euni
768 3533 823 3595 Cn.
841 3533 999 3595 Plancum
1017 3533 1197 3615 defenderet
1212 3554 1303 3595 areu·

231 3654 319 3705 eante
343 3642 387 3703 M.
402 3641 505 3702 Bruto
524 3688 530 3701 .
551 3690 557 3701 .
577 3689 583 3702 .
602 3663 672 3703 eene
696 3641 818 3703 Brutus
842 3640 964 3704 duobos
987 3640 1208 3704 recitatoribus
1233 3662 1304 3704 eorr-

232 3753 348 3813 eiitutie
373 3771 411 3811 ee
434 3748 557 3811 duobos
582 3751 648 3811 eine
673 3749 869 3812 orationibue
894 3753 1002 3833 eapite
1023 3750 1147 3812 alterno
1166 3751 1250 3811 inter·
1267 3770 1305 3810 -ee

306 4034 326 4097 ¹)
346 4031 541 4101 Naegelsbach.
563 4051 606 4100 op.
627 4031 671 4082 all.
690 4049 734 4100 pg.
755 4030 816 4082 632.

304 4123 325 4188 ²]
345 4121 410 4173 ibid.
432 4140 475 4191 pg.
496 4122 556 4174 633.
