2866 4762
599 297 834 360 -123-

266 474 315 538 Et
339 473 513 538 ciusdem
538 483 575 538 et
598 474 747 539 diversi
771 475 931 539 ordinis:

266 581 390 646 donat.
409 581 581 646 door.15:
608 605 742 667 quoiam
766 586 930 668 opiniones
956 606 1025 646 cain
1054 596 1118 646 tanc
1141 584 1250 645 <coriae
1328 589 1341 623 0

177 693 240 753 sint
264 702 389 774 torique
412 693 494 752 inter
522 711 554 751 se
583 690 779 768 dissidentes,
815 691 950 753 alteram
971 690 1050 770 fieri
1070 701 1180 774 potest,
1216 700 1251 751 ot

177 819 286 860 eorum
300 797 399 879 nollo,
425 797 558 859 alteram
575 809 654 860 certe
670 819 733 860 noa
747 809 860 882 potest,
885 797 1006 881 utplus
1023 820 1088 859 aaa
1107 819 1183 860 vcro
1199 798 1248 859 sit.

282 990 312 1054 d.
338 990 388 1054 Et
408 991 587 1075 protasis
616 999 653 1054 et
675 990 862 1075 apodosis
886 990 1144 1076 expluribus

514 1098 730 1162 enuntiatis
755 1105 922 1162 constat:

266 1231 310 1295 In
354 1233 502 1316 protasi
547 1233 747 1296 enuntiata
786 1233 961 1296 eiusdem
1003 1233 1040 1295 in
1088 1231 1249 1316 apodosi

179 1339 325 1402 diversi
348 1339 498 1403 ordinis
522 1352 742 1403 occurrunt.

268 1442 614 1529 Formaa:(b:A):

267 1577 299 1640 p.
324 1553 410 1618 Tull.
442 1555 498 1617 45:
541 1577 676 1639 quoram
714 1557 744 1617 si
783 1578 881 1631 craecia
921 1553 1081 1637 quodlibet
1114 1555 1251 1636 probare

177 1664 280 1725 iudici
299 1665 449 1747 potuerit,
475 1665 569 1725 ctiam
584 1665 615 1725 si
629 1663 789 1744 confessas
806 1665 864 1725 erit
887 1684 919 1725 se
942 1665 975 1724 ci
998 1663 1155 1741 deiecisse,
1177 1664 1250 1724 ‘oia-

179 1782 229 1833 cot
250 1793 372 1834 necesse
395 1782 447 1833 est.

320 1872 400 1926 Item:
425 1871 523 1926 defin.
542 1871 622 1925 1197
646 1873 764 1940 (perornat
783 1872 849 1923 alter
867 1873 948 1938 ‹¹ecm);
978 1870 1055 1923 Taso.
1077 1870 1146 1940 disp.
1167 1868 1180 1922 I
1200 1870 1251 1922 110

250 1962 477 2029 (ortorum-qua
497 1967 560 2030 post
578 1960 655 2014 ralat.
675 1960 789 2014 alterum
807 1959 969 2026 relativum).

267 2056 331 2118 Pro
371 2055 548 2119 enuntiatis
587 2077 671 2140 quae
711 2055 855 2139 protasin
892 2054 1028 2135 faciunt,
1075 2053 1252 2138 participia

180 2163 366 2226 coniuncta:

269 2293 300 2355 p.
325 2268 438 2333 Plano.
464 2270 520 2333 97:
561 2269 663 2349 Quiris
687 2292 742 2353 epo
760 2319 767 2331 .
786 2318 792 2331 .
813 2317 819 2330 .
844 2268 990 2332 itionibus
1017 2272 1053 2331 ia
1081 2270 1159 2330 navi
1185 2279 1252 2330 tuto

180 2402 216 2440 ac
247 2378 342 2460 fideli
388 2378 557 2441 collocatas
605 2400 774 2462 eorumque
810 2400 918 2462 preces
946 2427 953 2440 .
987 2426 993 2439 .
1020 2428 1026 2440 .
1063 2377 1249 2454 exaudiens,

179 2485 429 2570 Dyrrhachium,
455 2488 541 2570 qaod
563 2498 631 2549 erat
652 2488 688 2549 in
702 2480 770 2567 fide
792 2509 872 2564 staec,
896 2497 1000 2570 petere
1024 2486 1178 2548 contendi.

270 2627 318 2690 Et
342 2627 378 2690 in
394 2628 548 2713 protasi
572 2629 669 2692 etin
692 2628 855 2713 apodosi
879 2627 1082 2692 enuntiata
1103 2626 1251 2690 diversi

183 2734 349 2799 ordinis:

269 2841 353 2905 Phil.
378 2841 431 2905 IX
457 2842 489 2905 l:
520 2841 617 2906 Gaias
641 2865 711 2904 cara
734 2842 870 2904 adventa
893 2824 1030 2903 'irracioce
1045 2839 1252 2926 perturbatas

181 2962 258 3012 esset
280 2951 448 3030 Antonios,
475 2951 561 3034 qood
584 2973 629 3030 ca,
660 2971 740 3033 qaae
763 2948 826 3012 sibi
847 2952 937 3011 iussa
960 2960 1060 3011 oestro
1086 2950 1252 3011 denuntio-

180 3069 297 3137 Μίαν,
328 3061 514 3120 auctoritate
538 3068 628 3120 erant
651 3069 680 3120 et
701 3059 854 3120 scatentia
879 3055 986 3120 Servii
1010 3054 1152 3140 Sulpicii
1177 3078 1250 3117 con-

181 3167 299 3244 stituta,
337 3166 511 3228 declaravit
542 3186 638 3248 qrcom
667 3167 782 3228 odisset
811 3178 963 3244 senatum,
1000 3187 1071 3226 cerm
1094 3175 1252 3226 erectorem

181 3284 306 3335 senatos
329 3274 515 3335 ecstinctum
539 3272 616 3335 laete
639 3284 733 3356 atque
755 3272 924 3335 insolenter
947 3271 1028 3335 tul't.

323 3373 405 3428 Item:
425 3373 458 3428 da
482 3380 538 3445 opt.
563 3392 623 3444 gon.
648 3392 685 3428 or.
706 3374 741 3428 23
764 3374 880 3442 (peior-cm
900 3393 945 3444 epo
965 3375 1093 3426 coctiones
1112 3374 1158 3440 si);
1183 3370 1251 3425 Phil.

253 3461 303 3515 VH
324 3462 357 3516 15
377 3465 459 3528 (ciricis
477 3469 525 3530 ct).

271 3594 446 3658 Protasis
485 3603 522 3657 ot
566 3593 739 3656 eiusdem
784 3601 821 3655 et
861 3592 1060 3656 inferioris
1104 3591 1252 3656 ordinis

183 3702 386 3765 enuntiata
410 3701 701 3786 complectitur:

272 3798 448 3894 Apodosis:

272 3916 459 3980 Eiusdem
483 3917 647 3981 ordinis:

273 4026 371 4089 Tuso.
388 4024 471 4111 disp.
490 4025 519 4087 V
537 4024 593 4089 63:
620 4046 754 4108 prioritas
777 4047 847 4086 cam
868 4024 1000 4086 alterata
1016 4023 1128 4084 oedem
1144 4022 1253 4083 *scortis

183 4135 363 4219 accepisset,
389 4134 479 4214 alter,
505 4146 539 4197 at
562 4135 673 4196 cocleas
695 4155 786 4194 snam
809 4131 964 4204 liberaret,
993 4142 1118 4213 praesto
1133 4128 1255 4211 fecisset
