2866 4762
599 283 834 348 -138—

173 513 176 523 ,
267 463 358 526 Inter
380 473 490 549 partes
515 463 666 549 epodosis
689 463 893 549 parenthesis
917 462 1109 528 collocatur:

267 570 351 634 Phil.
377 570 428 633 IX
454 570 489 635 8:
525 593 617 655 quern
646 593 717 633 oum
744 573 892 634 videretis
920 593 954 634 re
981 574 1084 655 inopis
1108 572 1252 635 morbum

178 700 275 761 quatu
300 681 442 741 oratione
457 691 665 756 enousanteut,
690 700 754 741 non
770 700 824 740 nos
841 678 968 763 quidem
985 678 1125 741 crudeles
1132 680 1250 762 fuistis

181 818 216 827 -
245 788 324 869 quid
347 789 429 848 enini
451 787 555 848 ntinus
578 788 613 847 in
637 786 719 847 huno
743 787 886 848 ordinem
909 786 1073 849 conuenit?
1108 820 1149 829 —
1186 790 1249 866 sed,

177 915 246 955 oum
271 896 441 978 speraretis
471 892 554 956 nihii
576 879 650 972 esse,
687 894 773 976 quod
799 915 864 954 non
895 893 984 955 iliius
1012 896 1202 957 auctoritate
1225 909 1252 958 et

177 1003 337 1084 sapientia
365 1001 449 1083 effici
474 1007 591 1084 posset,
627 999 834 1062 uehementius
863 1002 1060 1063 excusationi
1088 999 1251 1065 obstitistis

177 1120 271 1192 atque
295 1131 373 1188 euris,
400 1111 479 1191 qui.
507 1156 513 1169 .
541 1158 558 1191 .,
584 1108 622 1170 de
645 1110 798 1170 sententia
821 1109 983 1171 deiecistis.

266 1233 481 1317 Partioipium
499 1254 557 1317 pro
573 1230 675 1296 verbo
688 1231 779 1296 finito
796 1242 828 1296 et
844 1232 1006 1317 particula
1022 1232 1248 1298 subiunctivs:

268 1341 309 1404 de
334 1341 386 1404 off.
411 1339 428 1402 I
454 1343 509 1404 14:
546 1363 641 1424 quam
678 1341 919 1403 similitudinem
952 1353 1071 1404 natura
1105 1344 1251 1426 ratioque

178 1448 217 1510 ab
254 1449 351 1511 oeulis
390 1448 434 1509 ad
471 1449 613 1510 anirnuni
651 1446 845 1529 transtu-ens
884 1447 981 1511 nnulto
1020 1450 1114 1511 etiann
1149 1452 1250 1534 nuopis

131 1561 134 1567 '
176 1555 455 1640 pulchritudinem,
497 1557 717 1635 constantiani,
740 1602 747 1616 .
767 1605 773 1617 .
794 1605 826 1618 ..
861 1558 896 1617 in
916 1556 1067 1619 ,consiliis
1086 1556 1251 1641 factisque

178 1663 393 1726 conseruando
411 1674 508 1746 putat
536 1674 683 1747 cavetque
709 1683 748 1724 ne
772 1663 852 1745 quial
874 1662 1020 1726 indecore
1046 1714 1051 1726 .
1079 1713 1085 1725 .
1112 1713 1120 1726 .
1140 1663 1250 1746 faeiat

178 1780 210 1834 et
251 1821 256 1833 .
276 1793 300 1833 e.

227 1792 246 1854 q
320 1871 401 1925 Item:
423 1870 456 1924 de
475 1870 521 1923 fin.
540 1869 577 1922 IV
597 1871 631 1924 79
652 1873 735 1939 (quam
755 1871 877 1924 illrum.
897 1911 903 1923 .
925 1911 931 1923 .
946 1871 1072 1940 sepiens).
1091 1893 1099 1908 ·

176 2065 207 2128 d.
234 2065 284 2128 Et
306 2065 473 2149 protasis
499 2073 535 2127 et
559 2062 743 2149 spodosis
767 2086 814 2127 ex
830 2063 1014 2148 pluribus
1031 2066 1249 2129 enuntiatis

614 2181 808 2235 constant

266 2305 440 2369 Protesis
494 2304 776 2388 complectitur
826 2305 1030 2369 enuntiata
1075 2305 1248 2370 eiusdem

177 2412 342 2475 ordinis:

267 2519 445 2603 Apodosis:

266 2644 454 2708 Eiusdem
478 2644 639 2708 ordinis:
1117 2721 1120 2728 Ι

267 2751 363 2816 Tuso.
389 2751 471 2837 disp.
497 2751 514 2813 I
536 2752 593 2815 43:
637 2750 741 2830 Quam
780 2754 940 2836 reqionum
979 2774 1048 2814 runt
1087 2755 1249 2838 superauit

176 2847 301 2922 unimus
339 2872 551 2943 naturamque
590 2862 642 2921 sui
679 2859 811 2921 similent
850 2854 982 2943 oontipit
1019 2870 1048 2922 et
1085 2861 1247 2944 adqnonit,

175 2971 290 3031 iuuetis
330 2990 368 3030 eu
406 2969 515 3030 anima
554 2969 642 3031 tenui
673 2978 701 3029 et
735 2989 772 3028 ea
808 2968 924 3029 ardore
962 2966 1038 3029 solis
1078 2979 1247 3052 temperato

176 3075 303 3160 iquibus
326 3077 446 3137 insistit
469 3087 497 3137 et
511 3076 611 3155 fineen
634 3074 730 3136 altius
754 3096 785 3137 se
810 3074 959 3155 efferendi
972 3073 1069 3156 fauit.

320 3176 401 3230 Item:
429 3195 455 3247 p.
476 3175 549 3231 Cael.
569 3176 604 3230 80
622 3179 702 3245 (quem
722 3176 768 3243 si);
797 3175 895 3228 defin.
915 3175 937 3226 V
957 3175 992 3229 75
1012 3182 1086 3245 (quoe
1106 3177 1186 3244 ouru);
1215 3176 1249 3230 de

247 3285 316 3337 rep.
335 3265 349 3318 I
369 3265 403 3319 14
421 3268 503 3333 (quent
522 3267 597 3331 curru).

264 3370 386 3432 Forma
409 3391 428 3431 n
453 3368 487 3446 lb
507 3393 513 3432 :
532 3367 592 3447 A):

265 3477 306 3541 de
330 3475 393 3560 leg.
419 3497 486 3559 agr.
511 3475 547 3538 Π
573 3477 629 3540 16;
657 3475 746 3554 Quae
769 3499 850 3554 eunt,
882 3472 1031 3558 Quirites,
1062 3499 1246 3562 seposuero,

175 3588 205 3648 si
210 3584 305 3667 falsa
320 3584 408 3647 nobis
424 3583 613 3646 oz'debuntur
633 3605 707 3663 esse,
733 3605 849 3666 sequar
865 3585 1085 3647 auctoritatem
1101 3596 1246 3665 aestuans,

177 3692 300 3755 trrsrtuho
324 3714 426 3754 nteurn
449 3692 643 3752 sententiani.

318 3802 397 3856 ltem:
417 3822 443 3872 p.
463 3801 520 3854 Mil.
540 3801 575 3855 23
595 3803 673 3869 (quod
690 3803 761 3869 perol:
782 3801 815 3854 de
833 3818 862 3855 re
881 3821 907 3871 p.
927 3801 965 3854 Vl
985 3801 1019 3855 18
1038 3803 1113 3870 (piros
1132 3809 1207 3869 cunr).

265 3896 474 3960 Parenthesis
498 3897 582 3959 inter
606 3920 626 3957 a
650 3907 682 3959 et
707 3896 742 3958 b:

264 4003 348 4068 Phil.
372 4004 406 4068 ΙΙ
432 4004 488 4068 ll:
528 4003 632 4082 Quian
661 4027 731 4066 eunt
759 4004 817 4066 illu
847 4004 959 4089 leperet
978 4005 1073 4087 flens,
1107 4037 1149 4047 -—
1181 4016 1248 4068 erut

176 4114 257 4174 enini
280 4115 400 4197 scriptu
424 4115 588 4191 uitiatorn'e,
619 4124 715 4196 eaput
742 4123 846 4174 autent
870 4112 1061 4175 litterarum:
1092 4111 1157 4175 sibi
1178 4134 1249 4175 eunt
