2866 4762
676 261 890 325 ..18-

247 442 320 506 tiati
349 442 497 526 primarii
526 449 559 505 et
587 442 657 505 eius
681 441 768 504 notio
797 438 992 503 subauditur
1019 439 1052 502 in
1081 440 1249 504 enuntiato
1274 462 1321 503 se·

191 557 193 561 ’
247 549 415 614 cundaria
474 548 570 629 Quod
606 550 633 612 si
669 549 715 613 ita
750 556 808 630 est,
841 571 906 612 non
941 556 1029 610 recte
1061 547 1156 611 nobis
1190 547 1322 611 videtur

247 659 286 721 R.
313 657 633 741 Stuerenburgus
657 656 830 738 iudicasse,
855 677 930 719 cum
954 656 987 718 in
1012 654 1259 719 adnotationum
1280 656 1322 719 ad

249 767 428 831 orationem
467 789 499 852 p.
524 765 648 830 Archia
683 773 780 850 poeta
814 786 845 849 p.
874 763 937 827 143
973 763 1193 844 contenderet,
1234 763 1322 847 apud

251 874 444 939 Ciceronem
477 895 644 958 uunquam
680 893 850 936 occurrere
875 870 962 934 locos
986 871 1020 934 in
1037 869 1166 956 quibus,
1191 892 1265 934 cum
1289 871 1321 932 in

249 991 390 1068 utroque
415 983 583 1046 enuntiato
608 980 694 1044 idem
719 981 763 1044 sit
776 1002 870 1044 casus
889 978 1120 1060 nominativus,
1144 999 1323 1062 pronomen

250 1089 428 1153 relativum
453 1111 527 1152 cum
552 1088 720 1151 enuntiato
737 1087 891 1172 primario
908 1086 1139 1168 coniungatur,
1163 1084 1220 1148 ille
1236 1086 1323 1148 enim

250 1197 332 1261 dicit
347 1218 412 1259 non
428 1195 526 1259 facile
542 1194 645 1259 ullum
661 1194 804 1258 inveniri
823 1191 1011 1277 exemplum
1024 1201 1074 1255 ut:
1101 1192 1188 1277 „qui,
1207 1213 1281 1255 cum
1297 1193 1324 1254 is

253 1303 381 1367 locutus
398 1311 492 1383 esset,
511 1311 657 1366 mortuus
674 1295 762 1365 est.“'
786 1323 828 1364 ne
840 1322 899 1364 nos
911 1299 1044 1386 quidem
1056 1300 1242 1363 invenimus
1259 1299 1325 1362 tale

252 1409 457 1494 exemplum,
493 1409 551 1474 sed
575 1418 662 1473 errat
686 1406 961 1491 Stuerenburgus,
991 1429 1065 1471 cum
1089 1406 1262 1488 desiderat,
1288 1416 1325 1470 ut

252 1517 342 1581 notio
367 1517 567 1601 pronominis
590 1515 721 1580 relativi
745 1516 778 1579 in
803 1515 972 1608 enuntiato
995 1514 1188 1578 secundario
1208 1536 1326 1599 prono-

253 1625 341 1688 mine
359 1623 616 1688 demonstrativo
641 1624 859 1708 exprimatur,
884 1623 1004 1686 sufficit
1028 1622 1114 1685 enim
1130 1632 1167 1685 ut
1183 1645 1222 1685 ea
1237 1621 1325 1685 notio

255 1729 473 1795 subaudiatur
496 1740 623 1794 tautum
646 1733 680 1794 in
703 1732 871 1795 enuntiato
895 1729 1102 1811 secundario3
1128 1729 1216 1814 quod
1239 1729 1326 1793 idem

254 1839 288 1901 in
322 1836 394 1901 aliis
411 1837 571 1902 similibus
588 1837 898 1902 conformationibus
915 1838 1103 1923 saepissime
1125 1836 1326 1918 videbimus,

255 1966 356 2031 quare
391 1967 671 2030 supervacaneum
707 1955 860 2031 putamus
895 1945 930 2008 id
965 1945 1027 2009 hoc
1062 1944 1133 2008 loco
1166 1943 1327 2029 exemplis

256 2052 458 2116 confirmare.

351 2159 459 2223 Aliter
481 2182 532 2224 res
556 2160 714 2224 sehabet
738 2161 772 2223 in
796 2159 946 2245 exemplo
976 2159 1067 2223 velut
1091 2159 1186 2223 hoc:-

346 2267 439 2331 Brut.
457 2267 516 2331 34:
552 2268 631 2352 Ipsa
660 2271 742 2331 eae‘m
771 2279 889 2330 catara
913 2317 920 2330 .
940 2317 972 2330 ..
998 2267 1233 2352 comprehendit
1256 2288 1329 2329 eoa·
1418 2280 1421 2284 ’

258 2374 418 2459 eluditque
442 2379 643 2452 sententiam
668 2397 748 2460 qaae
772 2397 842 2438 eane
865 2378 950 2460 aptis
970 2376 1139 2439 constricta
1154 2373 1258 2438 oerbe'e
1274 2386 1328 2454 ert,

259 2483 347 2545 eadit
369 2485 464 2545 etiam
483 2483 671 2567 pleramque
693 2504 865 2546 numerere.

348 2588 413 2652 Hic
448 2611 578 2675 quoque
606 2590 820 2673 grammatica
858 2589 941 2653 ratio
970 2598 1144 2673 utrumque
1174 2589 1259 2670 sinit,
1297 2588 1331 2651 id

259 2701 309 2758 est
331 2694 506 2760 relativum
530 2697 600 2760 sive
625 2718 700 2760 cum
728 2697 896 2760 enuntiato
921 2695 1125 2779 secundario,
1161 2697 1230 2759 sive
1255 2717 1329 2759 cum

259 2804 414 2888 primario
428 2805 598 2889 coniungi3
611 2804 668 2868 sed
679 2826 792 2869 sensus
804 2804 948 2890 postulat
962 2803 1015 2867 vel
1028 2803 1110 2867 adeo
1124 2804 1221 2886 cogit,
1234 2812 1271 2867 ut
1283 2825 1332 2866 re·

261 2909 400 2975 lativum
425 2933 500 2975 cum
524 2913 692 2976 enuntiato
717 2912 909 2977 secundario
934 2912 1159 2995 coniungatur.

351 3018 417 3082 Sed
457 3020 670 3084 inveniuntur
704 3021 803 3084 etiam
843 3019 1005 3104 exempla,
1041 3020 1074 3083 in
1114 3018 1233 3104 quibus
1265 3040 1331 3082 non

261 3124 359 3188 facile
384 3126 450 3189 dici
473 3136 589 3211 potest,
614 3136 723 3191 utrum
747 3126 921 3190 relativum
946 3127 1114 3191 enuntiato
1139 3125 1331 3190 secundario

263 3253 306 3295 an
330 3233 484 3317 primario
508 3233 713 3317 adnectatur,
737 3242 792 3298 ut:

354 3340 386 3402 in
405 3340 533 3405 Verrl.
551 3340 660 3404 1158:
685 3341 772 3404 Nara
796 3342 875 3425 qaid
898 3353 944 3404 est
967 3343 1102 3425 turpior,
1128 3343 1207 3425 qaid
1229 3344 1334 3404 micas

263 3446 363 3510 libero
389 3449 520 3533 (liparem
537 3471 633 3532 qaam
648 3452 683 3512 ia
699 3462 854 3513 conventa
869 3451 1007 3512 maximo
1025 3452 1096 3535 cepi
1111 3474 1130 3512 a
1146 3452 1335 3534 mayirtrata

253 3552 387 3634 fartam
410 3555 560 3619 reddere?
584 3556 641 3638 qai
655 3557 685 3618 ei
699 3578 733 3619 eo
750 3558 856 3619 aalma
873 3569 958 3634 erret,
976 3579 1038 3640 qao
1054 3579 1118 3620 aaa
1133 3560 1226 3621 modo
1243 3579 1335 3642 eques

266 3659 442 3741 Romanae,
468 3663 522 3725 aed
546 3665 650 3746 quiuis
675 3662 754 3726 liber
778 3663 865 3727 debet
888 3686 962 3744 esse,
988 3665 1151 3749 adspicere
1175 3678 1203 3728 te
1226 3678 1335 3750 postea

263 3789 328 3830 aaa
335 3772 510 3853 potuissem
521 3770 589 3834 vel:
606 3771 640 3833 in
654 3770 747 3834 Verr.
764 3770 785 3834 1.
799 3770 829 3833 V
845 3771 926 3835 110:
945 3771 1035 3835 Alter
1044 3794 1166 3856 pareas
1183 3796 1220 3835 ea
1236 3773 1337 3835 altera

260 3889 356 3958 parte
372 3890 440 3941 erat
455 3878 651 3942 Herbitensis
667 3878 844 3959 Eubulida,
869 3880 960 3943 beato
986 3881 1073 3943 domi
1096 3903 1171 3943 auae
1188 3882 1293 3943 elaeae
1310 3894 1338 3944 et

264 3984 390 4067 nobilia,
418 3987 484 4068 qui,
510 3989 588 4070 qaia
603 3984 795 4050 Cleomenem
815 3990 850 4050 la
874 3987 1070 4068 offendendo
1085 3988 1166 4070 silio
1192 3987 1336 4069 laeserat,

265 4094 369 4155 nudae
392 4115 494 4178 paene
517 4106 561 4157 eet
584 4095 756 4157 destitutas.
806 4105 839 4157 et
862 4093 927 4157 alia
951 4094 1079 4158 similia.
