2866 4762
605 295 816 358 -44-

176 471 328 558 exemplo
354 473 559 536 exoratione
583 494 614 557 p.
638 472 772 537 Plancio
796 473 885 538 notio
901 474 1101 557 pronominis
1117 474 1254 541 relativi

179 601 253 643 cum
289 579 391 644 verbo
427 579 620 643 secundario
656 588 784 643 tantum
822 601 950 665 semper
989 590 1022 644 et
1064 587 1254 648 necessario

176 686 378 750 conectenda
401 698 465 765 θεῖς
490 708 563 750 oum
587 686 690 750 verbo
706 687 861 770 primario
877 682 988 750 autem
1004 700 1061 752 aut
1077 691 1250 775 coniungi·

176 803 229 857 tur
256 793 355 879 idque
383 794 421 857 fit
448 794 517 858 fere
546 791 704 878 semper¹)
728 816 802 858 cunr
825 793 907 859 illud
936 794 1075 860 verbum
1097 798 1253 881 proxime

176 909 265 986 post
287 923 501 986 pronomen
522 900 732 965 relativum
752 901 926 986 ponitur,
951 910 1088 966 autnon
1113 904 1252 968 coniun-

175 1009 278 1093 gitur,
330 1008 416 1095 quod
467 1007 618 1072 ultimum
664 1010 807 1073 occurrit
852 1030 928 1073 cum
973 1008 1061 1074 idem
1107 1011 1251 1077 verbum

175 1116 366 1202 primarium
382 1125 455 1202 post
473 1117 678 1180 enuntiatum
693 1115 923 1180 secundarium
944 1116 1169 1198 collocatur²):
1187 1119 1251 1184 hoc

176 1223 272 1287 modo
301 1225 464 1288 exsistunt
491 1223 576 1288 duae
600 1224 872 1288 conformationes
895 1224 960 1287 iam
984 1246 1084 1310 supra
1108 1232 1251 1290 comme-

176 1342 334 1397 moratae:

393 1462 491 1525 quam
515 1462 632 1504 vereor
654 1462 696 1503 ne
720 1448 873 1523 suscepta
897 1438 1050 1504 videatur

390 1569 474 1633 quae
498 1570 539 1611 ne
564 1557 716 1633 suscepta
739 1546 893 1611 videatur
916 1569 1032 1611 vereor

267 1672 306 1735 In
341 1674 447 1757 prima
482 1673 738 1760 conformatione
766 1671 905 1736 verbum
933 1673 1124 1758 primarium
1148 1672 1251 1738 habet

177 1779 241 1843 duo
259 1779 401 1844 obiecta:
426 1802 604 1866 pronomen
621 1803 750 1866 quam,
775 1779 894 1844 deinde
911 1781 1116 1845 enuntiatum
1132 1803 1249 1845 secun-

177 1886 313 1970 darium,
339 1909 384 1951 ne
408 1898 590 1973 suscepta
616 1886 810 1968 videatur,
836 1888 868 1950 in
893 1887 996 1952 altera
1019 1910 1108 1971 vere,
1144 1911 1249 1954 unum

177 2003 303 2058 tantum
338 1995 512 2078 obiectum,
549 1996 569 2057 i.
592 2017 618 2058 e.
649 1995 853 2059 enuntiatum
886 1994 1116 2058 secundarium
1150 2018 1250 2081 quae

177 2124 222 2165 ne
257 2111 440 2187 suscepta
473 2102 671 2183 videatur,
706 2102 793 2188 quod
828 2102 979 2166 ultimum
1014 2125 1110 2167 nemo
1143 2106 1250 2168 nescit

177 2211 342 2294 proprium
379 2232 449 2273 esse
478 2210 719 2275 enuntiatorum
748 2209 1027 2274 substantivorum
1054 2210 1109 2274 vel
1137 2213 1249 2295 potius

177 2316 502 2401 comprehensionum
527 2339 569 2381 ex
597 2318 764 2381 enuntiato
793 2316 999 2382 substantivo
1033 2325 1065 2381 et
1093 2319 1250 2403 primario

178 2424 410 2504 constantium,
435 2424 467 2484 in
491 2423 571 2500 eis³l
597 2424 683 2487 enim
708 2425 913 2488 enuntiatum
937 2423 1182 2488 substantivum
1199 2434 1249 2489 est

178 2530 341 2594 obiectum
381 2530 541 2593 enuntiati
576 2531 722 2614 primarii
753 2539 786 2594 et
821 2532 1025 2594 enuntiatum
1056 2532 1250 2616 primarium

178 2639 285 2722 ipsum
320 2637 401 2702 nihil
437 2646 486 2701 est
520 2637 610 2701 aliud
638 2639 700 2702 nisi
728 2637 869 2724 simplex
904 2638 1041 2702 verbum
1066 2638 1120 2703 vel
1144 2639 1249 2704 verbo

178 2745 291 2808 similis
319 2744 438 2808 locutio
463 2745 633 2829 quaedam,
663 2768 747 2830 quae
775 2745 901 2809 nullum
925 2747 1088 2830 integrum
1117 2768 1248 2811 sensum

179 2852 300 2916 habere
336 2861 458 2938 potest,
494 2853 557 2916 nisi
581 2853 749 2935 adiuncto,
784 2853 877 2917 velut
900 2852 1043 2936 obiecto,
1079 2855 1250 2918 enuntiato

178 2960 397 3039 substantivo,
433 2981 534 3044 quare
567 2960 648 3024 haec
676 2959 741 3024 duo
765 2961 935 3024 enuntiata
958 2969 1025 3024 tam
1050 2970 1139 3025 arcte
1163 2961 1251 3025 inter

177 3090 211 3132 se
235 3069 410 3132 coniuncta
433 3077 518 3151 sunt,
548 3077 584 3131 ut
608 3068 675 3131 fere
699 3090 757 3153 pro
781 3090 846 3131 uno
864 3069 1032 3132 enuntiato
1049 3068 1250 3133 considerari

176 3177 310 3261 possint.

268 3282 395 3363 Quibus
419 3283 516 3348 dictis
539 3283 636 3347 facile
657 3282 804 3366 intellegi
820 3291 927 3368 potest
943 3292 976 3347 ct
991 3281 1074 3347 illud
1090 3282 1245 3376 alterum:

178 3411 236 3454 cur
259 3391 377 3455 forma:
415 3391 477 3453 cui
512 3391 613 3455 bona
647 3413 721 3454 non
750 3389 1004 3475 perdidisset,
1038 3390 1114 3453 nisi
1138 3390 1250 3454 here-

271 3610 290 3677 ¹)
310 3608 372 3663 Non
391 3626 504 3679 semper,
524 3616 554 3662 ut
573 3627 653 3679 saepe
673 3609 841 3679 grammatici
858 3608 1000 3678 propensis
1013 3615 1063 3661 unt
1075 3615 1106 3661 ut
1124 3607 1248 3662 credant:

179 3697 212 3750 cf.
233 3697 267 3749 ad
291 3697 353 3750 lam.
380 3697 420 3750 IX
439 3698 463 3765 8,
484 3698 513 3750 1:
533 3698 576 3767 isui
593 3705 674 3751 metuo
694 3717 724 3750 nc
742 3706 765 3751 te
780 3699 853 3767 forte
864 3699 992 3768 floyitent.
1014 3727 1047 3736 —

269 3787 290 3854 2)
310 3786 410 3840 Forma
429 3786 559 3854 secunda,
579 3805 660 3857 supra
680 3794 901 3842 commemorata:
927 3805 1034 3858 qnam,
1055 3793 1177 3841 neate
1199 3805 1250 3840 au-

178 3882 293 3944 specta
312 3876 481 3943 videatur,
501 3876 641 3940 vereris,
663 3876 746 3930 (lubia
765 3885 814 3931 est.
835 3910 868 3917 -

270 3965 291 4032 3)
312 3965 431 4018 Dicimus
452 3964 485 4018 tle
504 3965 649 4018 enuntiatis
668 3973 772 4019 tantum
783 3966 966 4034 substantivis,
987 3983 1055 4036 quae
1075 3965 1110 4018 ad
1128 3972 1250 4019 nostram

178 4070 233 4104 rem
254 4054 397 4123 pertinent,
418 4055 514 4122 idest,
543 4073 603 4108 cum
627 4057 795 4110 enuntiatum
814 4056 1011 4110 substantivum
1032 4054 1201 4110 obiectum
1222 4068 1250 4109 et

179 4159 232 4194 non
253 4143 439 4196 subiectum
459 4150 500 4197 cst
519 4145 650 4197 enuntiati
669 4145 797 4215 primarii.
