2866 4762
607 285 815 349 ,62-

266 461 350 526 Cum
362 462 565 547 parenthesis
583 464 694 547 magni
710 464 752 527 sit
768 465 923 527 momenti
939 464 1028 548 apud
1044 462 1247 545 Ciceronem,

177 570 314 653 dignum
330 579 379 633 est
395 580 431 634 ut
448 584 653 653 monstretur,
679 593 744 655 qua
767 571 892 635 ratione
918 569 973 634 ille
997 592 1068 634 earn
1089 593 1249 656 usurpare

177 678 268 742 solet.

267 784 382 849 Cicero
417 785 625 870 interrumpit
662 807 895 870 nonnunquam
935 786 1123 868 orationem,
1163 786 1250 849 inter

177 893 270 956 ouius
294 903 403 976 partes
428 893 630 956 enuntiatum
655 891 787 976 aliquod
812 893 997 977 interponit,
1023 893 1110 978 qnod
1131 914 1251 977 paren·

176 1000 283 1064 thesin
307 999 401 1062 faoit:

269 1163 297 1224 1.
331 1159 414 1224 Ourn
438 1159 576 1244 protasis
601 1181 643 1222 ex
667 1181 732 1224 uno
756 1160 923 1224 enuntiato
947 1171 1088 1242 constat,

266 1266 467 1350 parenthesis
483 1265 674 1330 oollooatur:
704 1290 733 1330 a.
757 1268 842 1330 inter
859 1269 1004 1352 protasin
1024 1279 1056 1331 et
1072 1267 1247 1352 apodosin:

267 1375 348 1459 Top.
368 1373 426 1437 64:
452 1396 532 1458 quos
557 1396 750 1458 quamquam
773 1387 846 1438 suut
867 1376 1068 1438 uoluntarius
1085 1410 1126 1418 -
1143 1375 1249 1439 obiur-

175 1484 303 1566 putious
326 1484 409 1545 euim
433 1495 461 1545 st
483 1483 697 1545 udutouitioue
720 1485 911 1546 deiiciuutus·
933 1518 984 1565 -,
1009 1495 1112 1546 tauteu
1136 1483 1251 1546 habeut
1329 1544 1340 1569 0

178 1602 282 1653 tantos
306 1601 418 1667 motus,
444 1601 478 1652 ut
501 1601 533 1652 et
556 1612 586 1674 q.
605 1612 629 1653 s.

321 1690 403 1744 Item:
432 1692 478 1744 Br.
503 1691 559 1746 263
575 1694 651 1762 (piros
669 1693 714 1759 si);
743 1711 769 1762 p.
791 1691 857 1746 Sull.
876 1692 911 1746 24
935 1693 990 1762 (qui
1007 1694 1051 1758 si);
1081 1691 1108 1744 in
1136 1692 1190 1746 Pis.
1215 1691 1252 1746 72v

250 1782 305 1851 (qui
324 1781 396 1832 modo
415 1782 494 1848 ruut);
515 1781 548 1833 ad
568 1781 630 1834 fam.
650 1781 673 1833 V
694 1782 736 1848 13,
755 1782 772 1834 2
792 1782 867 1850 (quoe
886 1781 1005 1852 sopitotio
1025 1783 1098 1848 curu).

268 1873 299 1939 b.
324 1874 410 1937 inter
433 1887 541 1959 partes
565 1875 724 1938 enuntiati
749 1874 947 1938 secundarii:

267 1981 350 2046 Phil.
373 1980 390 2044 I
414 1982 467 2046 10:
505 1985 562 2065 qui
588 2003 781 2065 quamquam
805 2004 924 2066 paruus
952 1995 1020 2045 erut
1045 2016 1082 2024 -
1107 1984 1144 2045 id
1167 1985 1250 2045 euim

177 2092 284 2175 ipsum
307 2114 327 2152 a
351 2090 453 2153 Bruto
483 2090 650 2152 audieram
678 2124 722 2131 —
750 2114 769 2151 a
798 2090 912 2173 quibus
936 2089 1085 2153 debuerat
1107 2090 1248 2169 adiutus,

178 2208 281 2260 taurea
299 2247 304 2258 .
324 2245 330 2258 .
350 2247 357 2259 .
375 2219 524 2279 mopuuru
547 2197 627 2258 uuiti
648 2196 814 2259 uidebatur
834 2198 974 2280 pluriam
996 2209 1187 2261 consecutus.

320 2298 401 2352 Item:
421 2299 448 2351 in
468 2299 542 2352 Verr.
562 2299 579 2351 l.
599 2299 638 2352 ΙΙΙ
657 2300 693 2353 44
712 2300 769 2370 (qui
781 2301 905 2367 -eum.)

269 2446 299 2508 2.
333 2444 416 2509 Cum
439 2447 577 2530 protasis
602 2469 644 2509 ex
667 2447 817 2531 pluribus
842 2448 1017 2512 enuntiatis
1041 2458 1182 2512 constat:

268 2552 359 2617 Inter
382 2566 491 2639 partes
515 2554 611 2637 primi
636 2555 808 2618 enuntiati:

269 2661 310 2725 de
335 2683 379 2724 or.
397 2660 527 2725 11313:
554 2664 611 2746 qui
632 2664 662 2725 si
685 2664 812 2745 quaudo
838 2696 878 2704 -
903 2665 939 2725 id
962 2665 1048 2746 quod
1069 2664 1148 2725 utilsi
1170 2687 1250 2725 uuu-

180 2791 276 2853 quum
295 2769 424 2853 placuit
447 2804 488 2811 —
511 2770 620 2854 plures
648 2769 799 2833 adhibent
819 2782 984 2854 patronos,
1009 2774 1102 2834 utin
1126 2792 1251 2856 quoque

180 2879 468 2940 eorummiuiutum
479 2890 599 2962 putant
614 2899 688 2957 esse,
709 2881 756 2940 ito
772 2900 842 2940 euru
852 2881 997 2962 priorum
1012 2879 1122 2941 uolunt
1137 2880 1249 2943 disere.

269 2985 360 3048 Inter
383 2984 524 3069 primum
548 2995 581 3047 et
604 2985 783 3049 seeundum
807 2986 1026 3049 enuntiatum:

270 3092 324 3156 Br.
345 3093 422 3156 115:
442 3090 507 3170 Qui
522 3115 593 3154 suus
607 3094 882 3156 innocentissimus
898 3097 933 3156 iu
948 3095 1103 3157 iudicium
1123 3106 1252 3158 voratus

180 3211 257 3263 esset
281 3233 321 3242 -
352 3221 412 3283 quo
440 3200 560 3262 iudicio
589 3200 770 3262 conuulsam
797 3203 922 3285 penitus
950 3204 1065 3264 seimus
1094 3223 1158 3263 esse
1186 3224 1251 3287 rem

178 3308 341 3392 publicam
372 3340 408 3349 -
444 3330 514 3369 suut
546 3319 645 3370 esseut
677 3329 711 3371 eo
742 3320 879 3392 tompore
907 3309 1156 3392 eloquentissimi
1188 3312 1253 3371 uiri

182 3415 218 3477 L.
238 3414 369 3480 Crassus
391 3427 419 3478 st
437 3415 479 3477 Μ.
499 3416 658 3478 Autouius
675 3417 867 3495 consulares,
889 3438 997 3479 eorum
1013 3416 1162 3480 adhibere
1178 3440 1251 3480 usu·

181 3536 265 3586 trum
287 3523 396 3585 uoluit.

271 3799 406 3863 Praeter
430 3799 549 3863 formas
574 3800 742 3885 hueusque
766 3800 881 3864 allatas
905 3800 938 3862 in
968 3799 1088 3886 quibus
1112 3803 1252 3886 protasis

184 3917 308 3970 tantum
333 3929 376 3970 ex
400 3907 577 3970 enuntiatis
601 3906 745 3971 eiusdem
771 3907 893 3970 ordinis
914 3920 1050 3989 constat,
1075 3924 1253 3974 occurrunt

182 4012 276 4093 aliae,
312 4036 449 4098 quarum
477 4014 615 4097 protasis
639 4015 738 4077 etiam
761 4036 862 4076 unum
886 4014 939 4076 vel
964 4015 1059 4099 plura
1083 4018 1253 4081 enuntiata

182 4120 344 4185 inferioris
368 4121 490 4185 ordinis
514 4121 687 4206 praebent3
713 4134 811 4204 atque
836 4121 896 4184 hoo
920 4123 970 4185 fit:
