2866 4762
608 272 817 337 „79-

176 453 321 530 dedisset,
348 454 469 535 optauit
491 453 653 515 interitum
676 452 851 536 Hippolyti
865 453 934 532 filii
955 463 987 516 et
1003 475 1034 538 q.
1052 475 1092 534 sc
1116 453 1159 517 ad
1175 453 1245 518 Att.

175 558 226 621 VI
250 559 280 640 3,
306 559 340 622 6:
369 557 490 623 Gavius
507 560 709 643 estquidam,
734 562 788 622 eni
809 583 879 622 enno
898 561 1136 645 praefecturam
1160 563 1246 625 detn-

176 668 280 729 liesern
304 666 402 730 Bruti
423 679 548 751 ropatn,
577 668 677 730 ‘malta
705 680 734 730 et
761 669 843 730 dicit
866 669 992 750 etfacit
1014 692 1085 731 eum
1107 672 1246 753 quadam

175 797 245 837 oreo
269 775 456 838 contumelia
481 783 513 838 et
536 797 567 860 q.
586 797 610 837 e.

171 1005 307 1072 facturum
326 1022 351 1056 ae
369 1021 420 1056 esse
438 1004 505 1055 dirit
524 1003 645 1072 quiequid
661 1010 784 1073 optasset3
812 1003 909 1072 optauit
936 1010 964 1055 ul
992 1003 1018 1053 in
1042 1020 1145 1056 curram
1161 1003 1246 1073 patrie

175 1094 315 1147 tolleretur.
357 1091 478 1146 Sublatue
502 1101 545 1145 eet.
592 1093 675 1162 Atque
694 1094 724 1157 ie,
752 1101 888 1161 antequam
915 1093 1033 1158 constitit,
1062 1093 1113 1145 ictu
1130 1092 1246 1160 flaminia

176 1182 337 1253 deflapraoit.
384 1182 484 1244 Quanto
512 1182 599 1234 melias
622 1181 715 1250 fuerat
738 1183 765 1232 in
789 1181 835 1234 liae
854 1182 1008 1252 marriacum
1024 1182 1108 1252 patris
1126 1199 1176 1233 non
1195 1199 1246 1234 esse

175 1272 318 1324 servaram!
347 1270 421 1337 Quia,
443 1271 511 1341 qnod
533 1271 639 1323 Theseus
657 1271 740 1341 erepit
755 1271 908 1340 promissam
926 1289 943 1322 a
962 1270 1098 1341 Neptuno?
1132 1271 1173 1322 oui
1191 1289 1247 1322 curin

176 1369 228 1413 tres
246 1361 387 1431 optationes
404 1360 539 1430 Neptunus
558 1359 674 1426 dedisset,
694 1361 791 1430 optauit
809 1360 938 1412 interitum
959 1359 1097 1430 Hippolyti
1107 1360 1168 1426 ¹(ilii,
1191 1378 1247 1412 earn

176 1451 198 1502 is
212 1449 289 1520 patri
305 1456 434 1520 suspectas
452 1458 514 1502 esset
533 1449 565 1502 de
584 1466 705 1512 staverem
734 1467 782 1519 qao
810 1455 896 1519 optato
923 1449 1058 1519 impetrato
1087 1449 1193 1501 Ttesem
1221 1449 1246 1500 in

177 1539 295 1592 ›reanirnis
308 1538 365 1607 suit
384 1539 497 1592 luctibus.
536 1538 605 1600 erid
621 1539 813 1609 Apanrernnont
832 1557 887 1591 eum
900 1539 1036 1591 devovisset
1050 1539 1161 1599 Dianae,
1181 1540 1249 1607 prrod

176 1629 204 1680 in
222 1645 268 1680 sao
285 1627 484 1698 pulcherrimum
503 1636 591 1680 natum
609 1636 671 1680 emet
689 1628 732 1679 illo
752 1645 828 1693 anno,
850 1628 988 1680 innnolaar't
1007 1627 1174 1698 [ptipeniarm
1197 1646 1247 1696 qua

177 1719 242 1770 nibil
259 1726 316 1770 aar
334 1735 362 1770 eo
381 1718 480 1788 quidem
499 1735 567 1769 anno
586 1725 673 1770 nrrtran
689 1718 836 1787 pulchrius,
850 1717 1003 1788 promissam
1014 1717 1099 1787 potins
1112 1735 1161 1769 non
1175 1716 1247 1785 saci-

177 1807 277 1871 endam,
297 1824 372 1876 quarn
391 1816 443 1859 tarn
462 1813 571 1858 taetrum
585 1807 693 1875 saoirnrs
711 1807 893 1859 admittendum
907 1807 987 1874 fnit.“
1009 1812 1036 1858 et
1055 1823 1080 1875 q.
1101 1823 1121 1858 s.

267 1895 373 1948 Primus
392 1894 637 1948 Valckenarius
657 1895 702 1961 (ad
726 1895 818 1964 Eurip.
837 1894 920 1965 Hipp.
940 1914 965 1947 v.
984 1894 1049 1959 887;
1075 1912 1145 1949 anno
1166 1893 1246 1961 1768)

182 1985 277 2038 verba:
307 1986 365 2048 „cni
391 2003 448 2036 curn
469 2014 500 2022 -
521 1984 642 2036 latitud
672 1983 788 2036 insiticia
814 1982 922 2052 habuit3
955 1983 1065 2036 miratur
1093 1984 1164 2037 enim
1193 1983 1246 2048 ilie,

178 2074 251 2144 quod
272 2073 365 2128 Cicero
385 2073 499 2127 eandem
522 2072 556 2127 de
576 2072 680 2127 Theseo
700 2081 727 2127 et
744 2073 894 2144 Hippolyto
918 2073 1145 2126 narratiunculam
1166 2080 1247 2143 atque

176 2164 231 2217 iere
256 2163 351 2216 eadem
374 2163 462 2218 forma
486 2163 639 2233 expositum
661 2164 769 2232 repetit,
798 2181 851 2233 qua
875 2163 927 2215 iam
951 2163 978 2215 in
1002 2163 1089 2232 primo
1110 2162 1144 2216 de
1164 2163 1207 2216 off.
1229 2162 1248 2214 b

178 2252 242 2318 §32
266 2270 329 2305 usus
353 2251 400 2317 sit3
429 2251 546 2322 quadam
575 2260 664 2306 temen
694 2271 755 2305 cum
784 2251 953 2306 dubitatione
981 2252 1143 2306 sententiam
1171 2270 1247 2305 suam

178 2341 303 2412 exprimit
331 2360 391 2395 cum
420 2340 509 2394 addit:
545 2341 636 2406 „Haec
665 2342 692 2407 (i.
713 2360 735 2395 e.
762 2343 820 2406 „rui
842 2361 896 2393 curra
914 2371 945 2379 -
967 2341 1102 2408 aetnae)
1128 2342 1150 2394 si
1178 2341 1247 2395 forte

177 2431 215 2485 Io.
236 2432 305 2500 Aug.
324 2431 439 2485 Ernesto
467 2430 652 2501 similibusque
675 2449 691 2482 a
719 2431 791 2483 mala
818 2449 898 2483 manu
927 2431 1082 2484 viderentur
1109 2431 1247 2486 Ciceronis

178 2519 294 2574 orationi
321 2519 470 2585 interiecta,
499 2517 541 2573 his
570 2537 619 2590 ego
645 2519 753 2589 quidem
777 2519 942 2590 perlibenter
964 2519 1167 2590 adstipularer.“
1207 2520 1247 2573 Ac

177 2609 353 2662 Ernestius
382 2608 491 2678 quidem
520 2615 615 2679 postea
638 2609 672 2661 ad
697 2607 767 2661 hune
791 2609 880 2663 iocum
904 2610 931 2661 in
955 2609 1073 2664 editione
1097 2628 1146 2662 sua
1165 2611 1247 2677 (anno

181 2697 250 2751 1775
263 2697 356 2766 edita),
367 2696 540 2750 Valckenarii
554 2697 751 2751 dubitationem
764 2698 913 2764 confirmat,
933 2717 991 2751 cum
1013 2717 1073 2751 eum
1093 2717 1148 2752 non
1161 2698 1248 2753 solum

178 2786 302 2856 repetitio
330 2786 452 2853 effendit,
480 2804 573 2839 verum
601 2786 628 2839 id
657 2805 765 2857 quoque
794 2787 866 2857 qood
892 2806 946 2840 non
970 2788 1100 2840 subicitur
1119 2786 1246 2840 iudicium

178 2876 316 2930 Ciceronis
334 2883 365 2928 ut
383 2875 410 2927 in
430 2875 540 2946 reliquis
561 2875 667 2929 duobus
687 2876 816 2945 exemplis
836 2875 898 2943 (tria
917 2883 980 2928 sunt
999 2877 1134 2945 exempla:
1163 2874 1247 2929 Phae-

176 2964 288 3031 thontia
318 2963 427 3031 Thesei,
458 2965 688 3035 Agamemnonis).
736 2964 810 3017 Haec
835 2963 869 3018 de
892 2963 1064 3017 Valckenarii
1088 2973 1116 3018 et
1139 2965 1248 3018 Ernesti

178 3054 313 3124 opinione.
350 3054 456 3108 Deinde
482 3054 508 3107 in
534 3055 621 3124 prima
640 3054 734 3108 Orellii
754 3054 872 3108 editione
895 3054 1070 3122 (anni1828)
1095 3054 1248 3124 exemplum

177 3143 338 3197 secundum:
359 3144 451 3210 ,Quid
470 3144 538 3213 prend
560 3144 666 3197 theseus
685 3173 717 3182 —
738 3144 860 3196 laetitae
885 3142 1008 3197 Ciceroni
1032 3143 1200 3209 adscribitur,
1220 3151 1248 3196 at

176 3234 203 3285 in
227 3233 320 3299 altera,
343 3233 377 3286 ab
400 3232 446 3287 illo
471 3251 531 3286 curn
555 3232 664 3286 Baitero
689 3231 822 3300 inchoata,
843 3251 902 3286 cum
924 3233 1079 3286 Baiterus
1099 3232 1132 3286 de
1152 3231 1247 3286 officiis

177 3322 261 3376 libros
284 3330 436 3375 recenseret
459 3329 487 3374 et
510 3321 666 3374 emendaret
685 3321 786 3389 (1860),
805 3321 977 3375 Valckenarii
1002 3327 1029 3375 et
1046 3321 1154 3374 Ernesti
1172 3339 1248 3391 argu-

177 3418 270 3464 menta
289 3410 462 3465 considerans
482 3410 573 3480 magni
592 3409 656 3464 seeit
675 3419 702 3464 et
722 3429 782 3463 cum
802 3410 837 3463 ad
856 3429 888 3463 ea
907 3429 983 3464 suum
1003 3411 1111 3464 tertium
1127 3410 1248 3476 adderet,

177 3499 204 3552 id
233 3506 276 3554 est
303 3500 466 3554 locutionem
486 3517 554 3570 quae
574 3507 615 3553 est
641 3507 712 3564 „tres
731 3501 884 3570 optationes
905 3500 984 3553 dare“
1006 3519 1021 3551 a
1041 3499 1179 3554 Ciceronis
1199 3518 1248 3551 usu

178 3588 330 3655 abhorrere,
350 3588 496 3642 secundum
516 3588 668 3659 exemplum
682 3608 735 3643 non
750 3608 783 3643 ex
796 3597 881 3658 parte,
901 3589 947 3642 sed
962 3596 1057 3653 totum,
1077 3594 1106 3640 ut
1119 3589 1248 3658 spurium,

177 3679 254 3732 uncis
274 3678 387 3748 saepsit;
417 3678 533 3748 denique
558 3678 629 3731 idem
649 3679 673 3730 in
696 3678 815 3732 editione
834 3679 867 3730 ab
887 3678 933 3731 illo
954 3696 1013 3730 cum
1034 3677 1154 3747 Kaysero
1175 3677 1249 3729 insti-

178 3775 246 3833 tuta,
271 3767 367 3821 iterum
392 3767 443 3820 hoc
468 3767 614 3820 secundum
635 3767 787 3837 exemplum
807 3768 882 3821 uncis
901 3773 1023 3836 saeptum
1043 3765 1129 3819 edidit
1148 3766 1249 3834 (1865).

267 3856 386 3908 Primum
417 3856 450 3910 de
479 3857 609 3910 orationis
638 3856 738 3910 forma:
774 3858 933 3910 Baiterus
962 3857 1028 3910 dicit
1056 3875 1084 3910 se
1113 3857 1248 3911 locutione

177 3953 245 3999 tres
274 3946 468 4015 optationes
498 3945 576 3998 dare
604 3946 718 3998 maxime
739 3945 849 4012 offendi,
877 3965 926 4016 pro
951 3965 991 4013 eo,
1016 3946 1088 4016 quod
1108 3946 1202 4001 Cicero
1221 3947 1248 3998 in

179 4035 218 4088 ΙΙΙ
241 4035 275 4090 de
298 4042 353 4088 nat.
379 4035 452 4090 deor.
482 4035 499 4088 l.
524 4036 558 4091 76
584 4036 665 4102 dixit,
699 4035 715 4087 i.
736 4055 758 4089 e.
790 4044 860 4099 „ter
888 4035 1026 4105 optandi
1054 4035 1249 4089 facultatem

179 4125 292 4189 dare“;
321 4124 445 4178 Baiterus
475 4124 591 4194 quidem,
621 4125 642 4177 si
667 4132 739 4178 recte
763 4125 819 4178 eius
842 4133 957 4178 mentem
978 4125 1111 4194 perspexi,
1134 4125 1249 4190 dubitat,
