2866 4762
600 291 828 356 -103-

249 438 428 534 cern)‚·Ti1sc.
453 464 523 535 disp.
546 463 639 519 11174
659 466 735 535 (quoe
752 466 799 532 si);
824 464 857 518 de
877 464 921 518 off.
940 463 974 517 II.
995 465 1029 518 29
1049 466 1125 535 (quae
1143 465 1189 533 si)‚·
1208 463 1247 516 III

248 555 300 609 105
319 556 395 626 (quae
413 555 459 622 si),·
479 553 513 608 dc
531 554 582 625 leg.
602 553 615 606 I
634 554 668 608 25
688 554 768 624 (quod
785 554 865 621 eum);

268 647 352 714 Cum
382 670 561 734 pronomen
591 647 766 712 relativum
795 647 1021 712 correlativam
1050 648 1119 711 vim
1148 647 1247 712 habet

175 766 211 821 et
239 764 308 820 tota
335 763 500 820 structura
527 754 581 818 ΙΙΙ
608 777 684 841 pars
708 764 757 819 est
784 755 945 840 posterior
968 755 1245 840 interrogationis:

268 863 309 928 de
333 863 418 928 dom.
446 863 523 927 110:
550 862 673 926 Eumne
684 864 888 947 potissimum
904 861 1050 927 [tibertus
1074 865 1165 926 doute
1190 887 1249 926 suu

176 971 285 1036 debuit
310 971 441 1056 pellere,
474 972 532 1054 qui
556 972 622 1033 uisi
639 969 773 1050 fuisset,
810 972 845 1032 iu
873 992 1034 1034 seruorum
1066 981 1249 1055 potestatem

176 1081 290 1142 eicitur
314 1089 380 1142 totu
403 1077 555 1141 uouisset?

322 1179 403 1233 Item:
423 1198 450 1248 p.
469 1178 548 1232 Balb.
568 1179 585 1232 9
605 1179 687 1249 (quod
703 1179 750 1246 sil:

271 1300 436 1386 Apodosis
460 1298 733 1364 exclamationem
758 1299 850 1364 facit:

268 1409 302 1472 in
326 1408 420 1472 Verr.
446 1406 467 1470 l.
490 1407 525 1470 II
548 1407 607 1471 46:
634 1405 699 1485 Qui
720 1407 816 1470 simul
838 1430 877 1469 ec
895 1406 1055 1491 profupit,
1082 1429 1178 1490 quara
1193 1408 1248 1468 iru-

177 1518 333 1602 pudeuter
358 1565 364 1577 .
390 1565 396 1578 .
425 1517 514 1579 ,itta
539 1514 622 1578 boue
645 1515 772 1600 direpta
795 1516 886 1577 suut!

270 1648 361 1712 Inter
383 1649 529 1734 protasin
553 1657 586 1712 et
610 1648 768 1733 epodosin
791 1647 996 1733 parenthesis
1019 1646 1165 1732 ponitur:

271 1756 312 1820 de
325 1756 378 1820 off.
391 1755 408 1818 I
423 1757 503 1820 120:
524 1753 657 1835 Quodsi
667 1756 828 1835 acciderit,
852 1790 887 1798 -
898 1766 1004 1840 potest
1014 1757 1098 1818 euim
1110 1755 1252 1818 cecidere

180 1900 226 1908 —
240 1864 400 1948 facienda
422 1884 546 1926 morum
569 1865 848 1946 institutorumque
870 1865 1001 1927 mutatio
1026 1873 1079 1924 est.

324 1965 405 2020 Item:
426 1964 469 2018 ad.
489 1966 546 2019 Att.
565 1964 632 2018 XIII
652 1964 695 2031 32,
715 1966 730 2017 1
750 1965 825 2035 (quae
845 1965 964 2034 capitatio
983 1965 1028 2031 si),·

272 2059 355 2129 Oum
408 2060 612 2144 parenthesis
662 2058 790 2143 longior
836 2068 898 2141 est,
946 2057 1081 2144 paulum
1127 2065 1253 2121 mutata

180 2168 448 2249 conformatione,
473 2166 633 2251 repetitur
656 2165 861 2230 enuntiatum
885 2164 983 2229 unde·
997 2165 1180 2248 interrupta
1204 2172 1253 2227 est

183 2275 302 2339 oratio:

271 2381 323 2446 ad.
349 2379 390 2461 Q.
414 2380 455 2444 fr.
479 2379 515 2444 II
538 2381 569 2464 3,
595 2381 628 2444 2:
664 2379 729 2460 Qui
750 2392 786 2443 ut
799 2382 964 2464 peroravit
985 2414 1029 2422 -
1052 2402 1128 2442 uara
1152 2381 1188 2441 iu
1219 2401 1253 2442 ee

181 2513 258 2554 reue
277 2489 381 2572 fortir
403 2489 490 2567 fuit‚·
519 2510 584 2551 uou
610 2500 655 2551 eat
682 2490 865 2562 deterritum
901 2489 984 2551 dixit
1007 2489 1125 2565 etauio,
1159 2497 1255 2570 ¹utque

100 2595 102 2599 '
182 2598 343 2661 interdum
359 2599 454 2660 etiarn
470 2596 606 2676 silentio,
632 2618 702 2658 eum
725 2598 912 2658 auctoritate
930 2606 1098 2680 proreperet
1122 2606 1176 2673 -—'‚
1202 2595 1256 2657 sed

182 2717 218 2768 ut
235 2706 412 2790 peroravit,
436 2706 575 2766 currerit
598 2701 735 2766 Clodiae.

275 2829 518 2914 Nonnunquam
565 2837 639 2913 post
685 2849 863 2913 pronomen
910 2826 1085 2890 relativum
1124 2826 1256 2910 ponitur

184 2936 325 3001 alterum
371 2934 561 3018 relativum,
609 2936 662 2999 cui
709 2936 742 2998 in
783 2933 918 3019 apodosi
963 2933 1255 2997 demonstrativum

184 3042 374 3129 respondet:

275 3173 306 3236 p.
332 3150 434 3215 Aroh.
459 3172 491 3236 p.
516 3149 572 3213 21:
599 3171 681 3234 quae
697 3150 984 3234 quorumiuqeuiia
1009 3147 1191 3230 efferuntur,
1217 3146 1255 3209 ab

184 3262 226 3322 iia
247 3259 366 3344 populi
389 3259 530 3323 Romani
542 3257 641 3338 fautu
665 3255 847 3320 celebratur.

328 3361 409 3414 Item:
431 3360 465 3414 de
484 3360 530 3414 off.
550 3359 575 3412 lI
594 3360 629 3414 38
648 3360 727 3429 (quod
744 3361 772 3411 iu
790 3359 857 3428 quo).

277 3479 370 3546 Sicut
398 3483 431 3545 iu
461 3490 625 3547 structura
652 3480 688 3544 II
711 3503 769 3566 pro
798 3478 961 3565 particula
989 3478 1201 3544 subiunctiva
1224 3485 1257 3540 et

184 3593 286 3654 verbo
302 3589 394 3652 finito
411 3588 618 3675 participium
636 3588 714 3672 poni
737 3596 854 3672 potest,
884 3588 931 3651 ita
958 3587 995 3650 fit
1024 3606 1257 3669 nonnunquam

185 3699 220 3762 in
243 3705 409 3764 structura
432 3695 502 3771 III,·
526 3695 583 3759 sed
608 3717 683 3759 cum
706 3695 739 3757 in
766 3692 926 3779 exemplis
954 3693 1050 3757 huius
1075 3701 1258 3757 structurae

186 3806 276 3869 notio
299 3805 499 3889 pronominis
522 3802 653 3867 relativi
670 3813 797 3867 tantum
817 3803 851 3865 in
872 3801 1040 3866 enuntiato
1064 3799 1258 3864 secundario

186 3912 338 3996 occurrit,
363 3934 421 3997 pro
439 3921 507 3976 toto
524 3911 585 3975 hoo
602 3911 771 3974 enuntiato
788 3909 953 3974 ablativus
970 3908 1139 3972 absolutus
1161 3930 1258 3992 saepe

189 4029 380 4106 usurpatur:

277 4126 318 4191 ad
343 4125 414 4191 Au.
441 4125 510 4190 XII
537 4128 566 4206 1,
592 4125 628 4190 2:
660 4149 724 4210 quc
754 4126 847 4203 lectu,
878 4125 915 4187 de
945 4125 1069 4186 Atticae
1100 4121 1260 4198 febricula
