2866 4762
605 273 813 334 „47-

175 450 230 515 vel
254 452 352 514 etiam
369 449 432 514 alio
450 472 528 514 casu
544 452 696 536 positum,
721 472 835 514 verum
852 471 916 514 non
934 472 992 536 per
1009 451 1247 532 attractionem,

176 568 213 623 ut
237 581 336 644 supra
359 554 404 643 (p.
430 558 564 622 Plancio
589 557 657 640 52),
693 557 750 622 sed
780 557 958 622 secundum
983 559 1141 622 rationem
1168 557 1248 641 logi-

178 689 265 746 cam3
290 664 397 729 velut:

268 780 339 845 Att.
364 781 432 844 VII
458 781 510 863 16,
536 781 571 844 3:
601 783 644 843 ad
668 803 747 864 quas
772 782 963 864 scripseram
987 782 1029 844 ad
1052 793 1080 844 te
1103 780 1250 861 utrefer·

174 902 262 964 reram
296 911 327 974 p.
346 887 447 970 Cael„
465 887 522 951 67:
551 909 588 951 ex
615 887 732 971 quibus
754 890 917 971 requiram
941 910 1032 972 quem
1056 888 1250 950 admodum

177 997 327 1060 latuerint
361 1008 417 1059 aut
450 995 506 1057 ubi
541 995 708 1079 (interrog.
744 995 906 1081 obliqua)3
950 996 1016 1060 Att.
1042 995 1110 1059 VII
1137 996 1188 1077 17,
1214 993 1252 1058 5:

177 1103 291 1189 quibus
314 1105 505 1186 scripseram
529 1116 562 1167 ut
587 1103 707 1166 Bootae
732 1115 908 1177 mamercum

176 1233 287 1296 quem
314 1210 470 1294 rogavit
499 1219 540 1273 ut
568 1209 638 1274 hoc
668 1219 803 1293 ageret
829 1206 930 1294 (quod
948 1209 1135 1296 exemplum
1157 1218 1206 1272 est
1230 1230 1250 1271 a

176 1317 271 1382 nobis
296 1314 556 1393 conformatum).

270 1433 387 1513 Quivis
423 1456 465 1496 ex
504 1432 554 1497 his
593 1433 686 1514 locis,
728 1432 873 1517 exempli
909 1433 1029 1517 gratia,
1069 1431 1160 1497 locus
1196 1433 1252 1516 qui

177 1541 299 1625 legitur
332 1542 366 1605 in
401 1541 468 1604 VII
496 1540 538 1604 ad
567 1539 636 1604 Att.
667 1539 688 1604 l.
720 1541 770 1621 17,
801 1541 822 1603 5
858 1550 966 1625 potest
1001 1540 1059 1604 has
1095 1539 1252 1603 exhibere

179 1650 313 1713 formas:

343 1772 459 1854 quibus
484 1775 675 1858 scripseram
701 1782 737 1837 ut
761 1774 883 1837 Romae
907 1781 1091 1853 manerent3

340 1880 470 1966 quibus,
495 1889 531 1944 ut
555 1881 677 1944 Romae
703 1889 880 1962 manerent,
906 1881 1113 1965 scripseram3

340 1989 396 2072 qui
419 1997 456 2050 ut
480 1988 602 2051 Romae
626 1997 804 2070 manerent,
830 1989 876 2051 eis
901 1989 1109 2073 scripseram3

179 2150 284 2213 forma
308 2147 398 2211 talis:
434 2149 489 2232 qui
515 2149 560 2212 eis
584 2149 776 2232 scripseram
801 2157 837 2212 ut
853 2148 975 2212 Romae
1000 2154 1169 2210 manerent
1194 2145 1249 2221 (cf.

181 2278 266 2341 quae
290 2277 406 2318 vereor
429 2277 470 2318 ne
494 2265 645 2339 suscepta
669 2255 833 2333 videatur)
864 2278 929 2319 non
953 2264 1061 2339 potest
1084 2255 1251 2317 exsistere.

240 2421 241 2424 ,
270 2362 367 2427 Unde
399 2372 535 2448 apparet
569 2363 603 2425 in
639 2362 759 2426 talibus
795 2362 875 2427 locis
910 2385 974 2426 non
1008 2383 1139 2446 prorsus
1175 2383 1252 2424 ean·

181 2472 256 2535 dem
297 2492 367 2534 esse
402 2479 598 2534 structuram
637 2480 735 2555 atque
771 2470 804 2532 in
838 2469 989 2555 exemplo
1026 2492 1068 2533 ex
1103 2477 1184 2533 orat.
1220 2490 1254 2553 p.

181 2577 294 2642 Plano.
320 2577 373 2660 52,
399 2577 601 2663 eandemque
627 2601 646 2641 a
675 2579 916 2642 constructione
944 2601 1028 2663 quae
1052 2577 1195 2642 occurrit
1219 2577 1252 2638 in

181 2697 262 2750 orat.
280 2685 313 2747 in
330 2685 423 2748 Verr.
442 2684 462 2749 l.
480 2685 514 2748 11
531 2684 574 2749 53
590 2685 671 2749 nihil
692 2685 825 2749 differre
849 2687 912 2749 nisi
936 2685 1024 2771 quod
1048 2685 1253 2748 enuntiatum

182 2792 411 2857 secundarium
440 2806 489 2856 est
518 2795 721 2856 enuntiatum
757 2792 997 2857 substantivum
1033 2802 1066 2856 et
1099 2791 1254 2875 subsequi

181 2899 277 2980 solet3
329 2922 430 2984 quare
477 2899 572 2984 plura
612 2900 651 2964 de
691 2900 752 2964 hae
792 2911 953 2964 structura
993 2900 1101 2963 dicere
1141 2920 1254 2982 super-

181 3030 364 3071 vacaneum
388 3007 547 3072 ducimus.
579 3044 623 3051 -
651 3008 724 3072 Hoc
749 3023 874 3071 tantum
899 3008 1033 3071 addam:
1069 3006 1154 3069 hanc
1179 3027 1252 3068 con-

182 3117 409 3179 formationem
437 3130 515 3179 tunc
539 3116 670 3180 demum
694 3117 851 3180 exsistere
876 3137 980 3200 posse,
1017 3136 1091 3178 cum
1115 3112 1254 3176 verbum

181 3223 237 3286 vel
262 3223 466 3287 enuntiatum
491 3224 690 3308 primarium,
728 3237 856 3308 praeter
885 3223 1059 3303 obiectum,
1096 3221 1183 3307 quod
1208 3232 1256 3283 est

183 3331 387 3394 enuntiatum
411 3330 662 3414 substantivum,
694 3331 831 3395 altorum
861 3331 1025 3395 obiectum
1049 3329 1163 3393 habet:
1200 3339 1256 3391 aut
1360 3355 1361 3359 ¹

183 3440 218 3501 in
243 3459 321 3501 casu
345 3439 533 3502 accusativo
557 3438 656 3523 idque
681 3461 754 3503 eum
778 3439 916 3503 verbum
952 3439 1142 3523 primarium
1176 3436 1256 3499 duos

183 3545 390 3609 accusativos
413 3545 567 3631 postulat,
593 3563 641 3610 ut:
679 3570 768 3631 rupo,
799 3549 925 3632 postulo
950 3564 1022 3629 etc„
1054 3559 1110 3609 aut
1133 3545 1166 3606 in
1192 3543 1255 3606 alio

186 3675 265 3717 casu
289 3664 387 3738 atque
412 3654 609 3717 accusativo.

276 3769 426 3854 Denique
461 3791 536 3833 cum
564 3769 702 3833 verbum
730 3771 920 3854 primarium
949 3770 1035 3833 idem
1060 3769 1158 3831 habet
1183 3766 1257 3830 sub-

184 3877 306 3940 iectum
330 3898 369 3940 ac
393 3877 631 3953 secundarium,
656 3878 758 3940 oritur
783 3878 979 3942 constructio
1004 3876 1169 3940 velutin:

276 4001 373 4066 Tusc.
410 4002 492 4087 disp.
529 4003 560 4065 V
595 4004 652 4066 40:
706 4007 763 4087 qui
802 4004 921 4067 timebit
954 4026 992 4066 ne
1028 4004 1108 4087 quid
1144 4023 1181 4064 eu
1210 4001 1258 4062 lua

185 4111 341 4195 deperdat
