2866 4762
605 287 818 351 „75-

267 464 331 528 Pro
346 463 449 528 verbo
465 464 557 529 finito
574 473 607 528 et
623 465 785 551 particula
801 466 1011 531 subiunctiva
1027 468 1060 530 in
1079 468 1247 532 enuntiato

95 577 97 580 ⁴
177 570 371 635 secundario
394 572 604 657 participium
628 583 817 657 usurpatur:

269 677 309 742 dc
333 686 399 741 nat.
425 677 513 742 deor.
544 678 579 742 ΙΙ
606 679 686 743 14οῑ
715 703 791 742 nam
814 681 899 743 oonli
921 693 1082 765 tamqnam
1103 683 1211 767 speoni
1233 719 1247 730 ·

178 797 260 848 tores
272 786 461 848 altissimam
474 786 577 850 locam
590 786 737 863 obtinent,
751 809 788 850 en
798 809 859 870 qno
871 789 1014 872 plurimo
1023 792 1248 873 conspicientes

168 892 358 975 finpantni·
379 914 436 955 sao
459 915 595 956 munero.

321 993 402 1048 Item:
424 995 467 1047 Br.
488 995 522 1049 13
541 997 601 1064 (quo
622 1026 653 1034 -
674 997 791 1067 affatus).

270 1194 414 1276 Protasis
437 1204 566 1258 constat
589 1217 607 1258 c
630 1194 779 1280 pluribus
803 1197 996 1261 enuntiatis:

393 1301 550 1366 Eiusdem
574 1302 713 1367 ordinis:

271 1431 316 1473 or.
334 1431 361 1474 c.
379 1431 404 1474 s.
421 1432 469 1493 gr.
488 1431 538 1494 eg.
556 1410 616 1474 26:
650 1408 719 1489 Quo
737 1412 863 1493 qnidam
887 1412 937 1474 dio
962 1435 1030 1474 oum
1051 1410 1257 1476 CCCCXVII

179 1529 339 1582 senatores
351 1519 465 1598 essetis,
479 1519 684 1601 mopistrutns
698 1531 800 1580 antem
814 1541 918 1581 omnes
933 1521 1085 1601 adessent,
1104 1521 1252 1582 dissensit

179 1633 424 1709 mmmmm

322 1725 404 1780 Itum:
424 1725 458 1780 dc
476 1744 553 1796 prov.
573 1744 646 1781 cons.
668 1728 701 1781 13
721 1728 780 1797 (qao
798 1735 910 1798 temporo
927 1728 970 1796 si).

242 1837 244 1842 ·
271 1819 493 1885 Oonformatio
517 1843 537 1883 a
560 1819 615 1902 (bt
641 1819 700 1897 A):

270 1950 302 2013 p.
328 1926 416 1992 Cael.
444 1929 501 1991 ll:
539 1926 611 2006 Quo
645 1931 679 1990 in
714 1939 813 1991 astate
846 1929 912 1990 nisi
945 1931 1003 2012 qni
1037 1951 1068 1991 se
1097 1931 1165 2012 ipse
1192 1951 1251 1991 sao

178 2039 337 2121 pravitate
360 2047 388 2098 ot
411 2037 598 2098 castimonia
622 2045 651 2097 ot
678 2084 685 2098 .
713 2083 718 2095 .
746 2085 752 2098 .
783 2035 971 2117 definierat,
1002 2057 1128 2119 quoquo
1158 2036 1250 2097 modo

180 2168 202 2207 o
236 2146 302 2206 snis
335 2144 507 2206 custoditas
536 2156 627 2222 osset,
657 2154 761 2205 tamen
791 2142 962 2223 infamiam
989 2164 1095 2205 noram
1119 2142 1252 2226 offnpore

180 2274 245 2315 non
264 2263 402 2336 poterat.

323 2351 404 2406 Itum:
425 2350 459 2404 dc
478 2350 532 2404 div.
551 2350 564 2404 I
583 2351 617 2405 77
637 2353 696 2420 (qno
715 2359 826 2423 tempore
846 2352 922 2419 cnm).

399 2542 533 2606 Diversi
557 2542 695 2606 ordinis:

273 2649 357 2713 Phil.
374 2649 445 2712 XII
465 2649 522 2713 26:
551 2653 585 2712 in
613 2649 727 2734 qnibns
754 2652 879 2712 etiamsi
901 2662 1080 2713 nonerunt
1103 2652 1252 2730 insidias,

184 2779 265 2842 qnae
279 2756 440 2840 facillime
463 2763 534 2819 osso
545 2769 707 2841 poterant,
733 2759 859 2819 animas
880 2769 982 2819 tannen
1006 2760 1066 2820 enit
1088 2758 1253 2837 sollicitas,

183 2877 218 2928 nt
240 2864 323 2927 nisti
342 2866 445 2948 possit
468 2913 476 2927 .
501 2911 507 2924 .
534 2912 541 2926 .
567 2865 743 2932 attondere:
778 2864 811 2926 in
836 2863 900 2927 Pis.
926 2864 986 2927 24:
1020 2866 1054 2926 in
1088 2863 1202 2946 quibas
1226 2867 1256 2926 si

165 2951 357 3035 >moderatio
381 2971 454 3050 illa,
480 2993 561 3055 qnae
582 2973 618 3032 in
641 2974 758 3034 nostris
781 2971 858 3032 solet
881 2993 944 3032 osso
968 2971 1159 3051 oonsulibus,
1189 2993 1253 3034 non

174 3081 258 3162 fnit,
283 3092 317 3142 at
329 3079 403 3160 fnit
423 3100 553 3163 pompa.

327 3180 411 3236 Item:
429 3180 458 3233 in
476 3180 530 3234 Pis.
549 3180 584 3234 89
603 3181 663 3250 (qao
677 3181 703 3232 in
716 3181 809 3251 oppido
828 3181 908 3248 ouin);
928 3179 962 3232 ad
982 3182 1038 3233 An.
1058 3179 1070 3232 I
1094 3180 1137 3246 20,
1157 3181 1172 3233 1
1193 3182 1254 3249 (qun

259 3272 288 3324 do
306 3289 334 3324 ro
354 3270 433 3337 snm),·
453 3269 551 3323 defin.
571 3269 594 3321 V
613 3269 649 3323 33
668 3270 730 3339 (quo
748 3269 848 3339 paidom
867 3270 897 3322 do
916 3287 945 3322 ‘ro
963 3269 1135 3339 quamquam).

276 3420 340 3483 Pro
357 3417 458 3482 verbo
474 3418 567 3483 finito
585 3426 618 3481 et
633 3417 795 3503 particula
810 3418 1021 3483 subiunctiva
1044 3419 1254 3504 participium

186 3535 377 3612 usurpatur:

276 3634 318 3699 ud
343 3634 413 3699 Att.
438 3634 455 3697 I
480 3633 532 3718 18,
557 3635 595 3698 2:
619 3636 654 3696 in
671 3656 735 3717 qna
751 3657 806 3718 opo
823 3646 943 3711 nactus,
968 3646 1003 3697 nt
1016 3633 1096 3696 miii
1110 3632 1255 3706 videbar,

188 3743 290 3806 locam
339 3742 529 3805 resecandos
576 3741 720 3804 libidinis
770 3754 798 3804 ot
844 3743 1031 3804 coincondao
1075 3743 1254 3821 inventutis,

185 3850 346 3914 ostensons
361 3848 427 3932 fni
448 3861 477 3912 ot
499 3859 532 3912 et
556 3869 587 3934 q.
613 3871 637 3911 S.

277 4009 485 4074 Parenthesis
508 4008 670 4094 quaedam
694 4009 779 4072 iuter
802 4008 946 4093 protusin
971 4016 1004 4071 et
1027 4006 1198 4092 spodosin:

277 4140 328 4203 cp.
353 4117 395 4182 ud
420 4117 458 4198 Q.
484 4118 523 4181 fr.
547 4117 564 4180 1
587 4117 618 4199 2,
636 4117 670 4180 3:
696 4117 810 4202 quibas
826 4120 860 4179 in
875 4117 967 4179 nobas
984 4117 1109 4180 etiamsi
1113 4116 1257 4197 fidelitas·
