2866 4762
606 283 822 348 ..67-

178 463 326 537 clitotcm3
343 484 424 546 quoe
440 465 518 525 nico
528 462 625 550 fibrie
636 465 784 546 etirpium
797 464 911 525 concini
923 463 1076 526 acluleecit
1088 462 1252 546 culmoque

177 581 280 633 crecta
306 570 485 655 peniculoto
515 572 641 654 oopinie
667 572 733 632 ium
756 572 851 654 quoti
872 569 1042 653 pubescens
1064 571 1250 634 includitur.

269 729 493 795 Memorabilis
528 732 627 794 etiam
661 731 715 794 hic
744 730 835 795 locus
870 731 903 794 in
931 753 995 816 quo
1023 730 1168 795 ablativo
1195 731 1251 795 ab·

177 836 285 902 soluto
309 846 385 923 totu¹
404 838 649 923 comprehensio
674 838 883 923 exprimitur:

270 968 301 1030 p.
319 944 390 1008 Mil.
407 944 466 1009 32:
492 947 594 1030 Atqui
608 945 730 1008 Milone
750 924 913 1026 interfecto
931 944 1060 1009 Clodius
1076 946 1152 1009 lucc
1167 968 1251 1009 ucoc-

178 1052 344 1137 quebotnc‚
369 1074 434 1116 non
457 1054 549 1117 niodo
573 1065 607 1116 ut
626 1065 759 1139 praetor
781 1065 859 1116 occet
880 1075 945 1116 non
968 1075 1002 1116 eo
1026 1054 1162 1133 consule,
1188 1076 1250 1138 quo

177 1161 305 1223 ecelcrie
332 1159 416 1222 nino
438 1160 554 1242 facore
576 1172 701 1246 posset,
735 1161 790 1223 ced
817 1162 911 1223 ctiam
938 1173 974 1223 ut
1001 1163 1043 1223 iic
1071 1160 1251 1225 consulitur

177 1280 311 1352 praetor
333 1279 418 1349 ercet,
445 1267 559 1351 quibus
582 1270 613 1330 ci
633 1289 697 1331 non
720 1267 955 1346 adiuvantibus,
982 1280 1015 1330 ot
1038 1268 1250 1332 coniventibus

177 1388 260 1438 corto
278 1385 421 1460 speraret
432 1396 465 1437 sc
474 1396 567 1460 poete
579 1374 703 1438 cludere
714 1377 749 1437 in
761 1374 827 1437 illie
839 1376 905 1436 cuic
918 1375 1249 1458 copitotiefuroribuc.

271 1535 318 1598 Ut
352 1556 412 1619 par
447 1544 506 1617 est,
542 1533 662 1598 locutio
690 1534 906 1621 participialis
940 1557 999 1621 pro
1028 1535 1129 1600 verbo
1157 1535 1250 1600 finito

177 1664 255 1706 eum
278 1640 441 1726 particula
464 1641 675 1705 subiunctiva
702 1643 801 1705 etiam
828 1642 862 1704 in
885 1642 1007 1726 protasi
1032 1644 1110 1726 poni
1133 1652 1250 1728 potest,

179 1771 255 1814 cum
273 1771 312 1812 ea
336 1771 379 1812 ex
402 1749 530 1813 duobus
554 1748 606 1812 vel
631 1747 779 1834 pluribus
803 1749 980 1813 enuntiatis
1004 1758 1142 1832 constat,
1166 1772 1250 1836 quae

178 1857 266 1921 intel·
289 1878 323 1920 se
347 1878 413 1920 non
436 1857 679 1940 coniunguntur
701 1878 762 1920 nec
785 1856 940 1940 coniungi
962 1867 1112 1941 possunt:

270 1963 311 2027 de
335 1963 543 2028 or.111213:
573 1966 631 2047 qui
658 1986 727 2026 cuns
748 1975 883 2050 propter
904 1966 1114 2047 ipnominionc
1136 1966 1252 2028 iudicii

179 2073 321 2134 cccciscot
332 2070 465 2134 Athonis
482 2084 511 2135 ot
526 2093 558 2133 cc
571 2071 719 2134 Rhodum
732 2071 920 2154 contulisset,
937 2084 1068 2155 nopotus
1082 2097 1101 2132 o
1114 2072 1250 2135 Rhodiis·

181 2180 292 2262 lepino
297 2178 410 2261 fortun
426 2181 600 2242 orationem
615 2176 705 2241 illanc
721 2182 880 2262 oprepionc
895 2188 928 2242 et
943 2200 974 2263 q.
989 2201 1014 2244 s.
1031 2176 1110 2259 (diei
1126 2180 1248 2264 potuit:

179 2307 266 2349 cum
289 2308 309 2349 e
332 2285 493 2349 Rhodiis
516 2296 677 2370 rogatur
700 2295 879 2350 esset...

269 2391 364 2456 Idem
387 2392 425 2455 fit
449 2392 506 2456 sed
530 2392 692 2478 inprime
716 2394 900 2457 enuntiato:

269 2522 301 2584 p.
315 2499 426 2563 Flacc.
441 2499 497 2564 63:
527 2523 607 2584 quoe
631 2512 695 2563 torn
713 2501 831 2585 procul
853 2525 874 2564 o
892 2501 1087 2564 Graecorum
1111 2504 1250 2564 oninium

179 2607 361 2692 ropionibus
379 2658 386 2671 .
405 2657 412 2672 .
431 2657 438 2670 .
456 2610 571 2686 diuiso,
589 2631 659 2670 cnm
673 2611 708 2671 in
724 2610 842 2672 ultim-ic
858 2611 950 2671 terrie
966 2611 1068 2672 cincto
1083 2606 1250 2674 Gallorum

177 2716 323 2799 pontibue
340 2714 667 2798 borborioefluctibue
684 2715 836 2796 alluatur,
853 2719 898 2778 cic
915 2718 1102 2800 optimatum
1118 2717 1249 2780 coneilio

178 2821 385 2906 pubornotun,
409 2835 443 2885 ut
467 2831 499 2885 et
522 2844 553 2906 q.
571 2845 595 2887 S.

270 2981 308 3046 In
333 2982 448 3046 eedem
471 2983 736 3065 conformatione,
767 3004 841 3046 cum
865 2983 953 3047 notio
977 2983 1175 3068 pronominis
1199 3005 1249 3046 re·

180 3089 275 3153 lativi
298 3094 331 3153 in
356 3090 525 3153 enuntiato
549 3089 693 3153 eiusdem
718 3090 841 3153 ordinis
872 3113 936 3155 non
961 3091 1112 3172 occurrit,
1142 3098 1250 3175 potest

180 3198 280 3262 etiam
297 3197 463 3261 ablativus
479 3197 647 3262 absolutus
663 3199 739 3283 poni
755 3220 813 3284 pro
831 3199 998 3262 enuntiato
1010 3199 1096 3283 quod
1110 3197 1249 3263 verbum

179 3306 307 3369 finitum
333 3305 574 3390 complectitur:

270 3413 324 3477 Br.
336 3412 394 3478 56:
408 3416 544 3497 quicum
555 3413 664 3475 consul
674 3425 751 3477 osset
763 3463 769 3476 .
785 3463 791 3476 .
807 3463 826 3492 .,
836 3414 926 3497 plebi
938 3426 1047 3476 contro
1057 3426 1165 3498 patros
1177 3435 1248 3476 con-

179 3524 328 3586 citatione
340 3534 369 3584 et
380 3522 531 3584 seditione
542 3524 700 3599 nuntiato,
719 3533 752 3583 ut
764 3532 831 3584 crat
843 3522 935 3584 loono
947 3524 1091 3600 amictus,
1108 3523 1155 3583 ito
1166 3523 1250 3583 uenit

178 3632 215 3693 in
231 3630 406 3692 contionem
418 3638 451 3691 et
463 3649 493 3712 q.
508 3650 532 3691 e.
550 3625 640 3708 (vide
653 3628 839 3713 exemplum
857 3627 918 3692 hoc
934 3629 1097 3711 integrum
1113 3649 1167 3711 pg.
1180 3626 1247 3706 65).

273 3905 321 3969 De
362 3905 497 3990 apodosi
536 3905 617 3968 nihil
657 3905 791 3988 dignum
832 3904 919 3989 quod
958 3912 1155 3967 memoretur
1200 3904 1248 3966 in·

180 4015 342 4093 venimus„
382 4013 446 4076 nisi
480 4012 568 4098 quod
592 4034 650 4097 pro
685 4034 749 4076 uno
774 4013 950 4093 enuntiato,
980 4011 1067 4095 quod
1092 4010 1248 4095 cpodosin

180 4122 290 4202 faeiat,
308 4121 553 4204 comprehensio
569 4119 730 4204 quaedam
747 4120 897 4200 occurrit,
919 4141 1003 4203 quae
1020 4141 1062 4182 ex
1080 4118 1248 4183 enuntiato

1052 4220 1087 4274 5*
