2866 4762
609 279 819 345 -89-

177 457 328 523 Crassrnn
359 459 529 539 retulisset3
563 455 709 544 (poterat
746 459 869 525 dicere:
906 482 1033 545 quem,
1071 483 1153 525 cum
1182 461 1250 526 ille

177 565 362 630 Crassum
379 615 386 629 ·
406 615 412 629 ·
433 565 469 645 ·)3
495 588 559 651 quo
576 565 648 630 loco
665 576 754 630 recte
769 567 934 632 Pideritus
951 569 983 631 in
1002 568 1145 633 editione
1162 569 1250 652 fecit,

179 695 254 736 cum
278 681 352 757 post
375 672 550 736 relativum
575 676 631 757 qui
653 695 717 737 non
741 673 965 758 distingueret.

268 835 402 899 Diversi
425 835 561 900 ordinis:

268 965 300 1028 p.
319 941 450 1007 Caecin.
470 942 525 1006 28:
552 945 695 1027 quicum
718 946 762 1006 ita
777 944 938 1006 aelernens
954 967 1086 1029 acerque
1107 949 1249 1025 uenisset,

181 1063 303 1114 utnon
333 1052 425 1114 modo
450 1050 616 1114 Caecinam
642 1054 785 1135 periurio
813 1074 869 1114 suo
899 1032 1043 1132 laederet,
1078 1056 1133 1116 sed
1160 1057 1253 1117 etiam

178 1159 258 1220 cicili
279 1159 438 1220 uideretur
453 1159 561 1234 irasci,
586 1159 632 1220 ita
648 1180 717 1219 euru
728 1158 896 1242 placidum
911 1159 1097 1244 mollemque
1111 1162 1250 1240 reddidi,

178 1279 213 1328 ut
229 1274 261 1329 et
277 1287 307 1350 q.
326 1287 366 1345 sq
392 1263 498 1327 defin.
512 1263 634 1327 11121:
653 1266 739 1348 quod
756 1289 826 1327 cum
838 1269 981 1359 positum
997 1270 1038 1330 sit
1056 1270 1090 1330 in
1103 1290 1148 1347 eo,
1168 1270 1253 1352 quod

165 1371 352 1456 ὁμολογίαν
375 1371 487 1452 Stoici,
516 1394 574 1435 nos
596 1372 790 1456 appellemus
807 1377 1065 1454 convenientiam,
1090 1377 1120 1438 si
1139 1375 1252 1458 placet.

325 1474 405 1528 Item:
427 1492 453 1544 p.
475 1472 541 1526 Sull.
561 1473 596 1528 63
615 1475 670 1543 (qai
688 1475 734 1541 si);
754 1473 823 1528 Phil.
837 1474 860 1526 V
874 1475 907 1528 21
928 1477 1003 1546 (quae
1022 1479 1197 1547 quamquam);
1219 1477 1251 1530 de

249 1565 295 1616 fin.
315 1563 341 1616 ΙΙ
360 1563 412 1617 105
431 1563 567 1633 (quaesi).
1311 1583 1312 1586 ¹

269 1658 510 1743 Nonnunquam
547 1657 694 1742 asperius
733 1657 854 1722 dicitur
885 1680 959 1722 cum
994 1658 1169 1724 relativum
1204 1668 1254 1725 est

178 1763 351 1830 masculini
375 1780 431 1828 aut
455 1763 602 1828 feminini
625 1765 754 1848 generis
778 1775 810 1828 et
834 1767 904 1829 eius
919 1767 1009 1831 notio
1033 1767 1066 1830 in
1084 1768 1252 1831 enuntiato

178 1873 333 1958 primario
357 1893 421 1935 non
447 1872 655 1956 exprimitur:

269 1980 309 2044 de
326 1994 392 2043 nat.
410 1978 498 2042 deor.
515 1977 567 2041 ΙΙΙ
580 1979 637 2043 35:
663 1974 873 2059 Heraclitum,
891 1991 926 2042 ut
938 1983 1062 2064 opinor,
1080 1994 1250 2065 sequentes,

179 2111 270 2174 quem
306 2091 410 2173 quum
439 2109 503 2149 non
536 2109 641 2150 onznes
671 2090 920 2172 interpretantur
954 2111 1017 2152 uno
1053 2091 1161 2169 modo,
1197 2093 1254 2173 qai

168 2198 331 2282 quoniam
353 2196 431 2278 quid
454 2195 570 2257 diceret
591 2194 732 2276 intelleqi
753 2195 864 2275 noluit,
891 2198 1085 2272 amitternum

268 2303 376 2387 Magis
400 2324 514 2387 aspere
538 2323 612 2365 cum
637 2301 723 2366 idem
747 2303 779 2365 in
804 2303 949 2368 oratione
973 2302 1106 2388 obliqua
1130 2303 1179 2367 fit:

269 2413 303 2474 in
326 2410 420 2474 Veri.
447 2409 518 2472 A.1
542 2409 600 2474 25:
638 2407 764 2473 Siculae
787 2413 822 2473 in
846 2432 880 2474 eo
904 2433 980 2473 sane
1004 2411 1117 2475 liberos
1135 2411 1250 2494 fuisse,

179 2523 236 2604 qui
248 2542 344 2603 quam
356 2517 393 2580 ob
404 2539 469 2579 rem
482 2531 712 2580 arcesserentur
724 2541 794 2579 cum
805 2518 1028 2603 intelleqerent,
1046 2541 1111 2581 non
1122 2521 1252 2583 uenisse.

177 2663 222 2670 —
247 2625 302 2702 (of.
319 2646 373 2710 pg.
391 2623 511 2688 88100.
529 2623 570 2688 de
587 2645 632 2688 or.
649 2623 666 2686 I
683 2620 772 2704 228).

269 2786 306 2848 ln
330 2784 435 2848 forma
458 2807 491 2848 a:
517 2783 630 2866 (bzA),
655 2806 713 2868 pro
738 2784 755 2846 b
780 2784 900 2849 locutio
924 2786 1152 2870 participialis:

269 2892 309 2957 dc
326 2892 392 2955 div.
411 2891 427 2954 Ι
445 2892 500 2956 79:
530 2890 595 2970 Qui
618 2914 688 2954 cum
711 2903 788 2955 esset
810 2894 845 2954 in
869 2893 1034 2955 cunabulis
1050 2895 1252 2957 educaretur·

178 3023 238 3085 que
272 3003 307 3062 iu
337 2997 478 3076 Salonio,
516 3001 573 3082 qui
607 3010 651 3061 est
684 3021 814 3083 campus
849 3002 923 3083 aqri
951 2999 1124 3073 Lanuuini,
1159 3014 1252 3064 noctu

178 3109 295 3170 lensi-ine
330 3109 476 3192 adposito
513 3118 693 3191 eaperrecta
728 3109 838 3170 nutriar
866 3107 1090 3170 animadvertit
1116 3130 1253 3194 picarum

179 3217 385 3279 dormientem
409 3214 681 3297 circumplicatum
704 3217 857 3300 sementis
881 3215 1030 3300 ampleau
1066 3216 1107 3279 of.
1136 3237 1190 3300 pg.
1210 3216 1252 3279 88

178 3322 238 3387 loo.
258 3322 299 3386 de
315 3343 361 3386 or.
377 3319 395 3383 I
411 3320 506 3397 239);

268 3464 420 3549 Denique
461 3464 637 3548 conspicue
673 3464 758 3527 dixit
791 3462 906 3528 Cicero
940 3464 973 3527 in
1010 3464 1080 3529 loco
1116 3466 1172 3550 qui
1208 3464 1253 3528 le-

178 3573 266 3656 gitur
289 3572 323 3634 in
347 3570 382 3633 H
405 3569 462 3634 lib.
488 3570 528 3633 de
553 3570 691 3652 012253,
717 3593 823 3655 quem,
853 3584 889 3634 ut
910 3593 1008 3656 saepe
1031 3571 1112 3636 alios
1132 3571 1253 3635 similes

178 3683 275 3767 locoS,
311 3682 406 3747 multi
434 3683 498 3745 viri
528 3683 615 3746 docti
645 3692 771 3745 mutare
806 3681 994 3745 volucrunt:
1033 3695 1070 3743 nt
1102 3681 1186 3743 illud
1219 3684 1253 3743 in

182 3790 317 3867 Titium,-
342 3793 399 3875 qui
422 3813 491 3852 cum
515 3791 653 3853 studiose
671 3791 745 3874 pilo
769 3790 889 3852 luderet
905 3802 933 3852 et
947 3791 1030 3853 idem
1051 3792 1144 3872 siqno
1160 3812 1253 3852 sacra

177 3913 270 3962 noctu
285 3897 443 3981 franqere
464 3909 632 3981 putaretur
645 3898 860 3981 qreqalesque,
887 3920 956 3958 cum
971 3899 1006 3959 in
1028 3919 1174 3981 aanqnmr
1189 3919 1253 3960 non

178 4009 328 4083 uenisset,
344 4008 551 4089 requirerent,
576 4008 737 4068 eacsasaoit
759 4005 860 4090 Vespa
881 4003 1055 4084 Terentius,
1082 4006 1253 4089 quodcum

179 4113 343 4176 brachium
356 4112 498 4197 fraqisse
522 4113 645 4176 diceret.
