2866 4762
610 257 819 322 -Π-

299 521 341 581 ΙΙ.
366 521 552 582 Pronomcn
572 521 750 582 relativum
771 527 877 582 mutat
898 538 1009 582 casum
1031 489 1148 584 suum}⁴

267 658 314 722 Ut
348 658 413 722 iam
438 659 648 743 exposuimus
673 654 741 744 (pg.
764 658 832 741 55),
863 681 1040 744 pronomen
1064 658 1250 740 relativum,

179 789 255 830 cum
279 767 427 851 sequitur
450 767 726 831 constructionem
747 766 909 831 enuntiati
925 766 1121 851 secundarii,
1145 776 1251 832 mutat

178 895 289 937 casum
325 895 430 955 suum,
466 873 724 958 quotiescunque
754 871 842 937 illius
866 874 1029 937 enuntiati
1052 874 1251 938 constructio

177 980 279 1045 aliurn
302 981 385 1065 petit
408 981 608 1065 pronominis
632 1002 744 1045 casum
773 989 872 1066 atque
901 982 1105 1045 enuntiatum
1130 982 1250 1067 prima·

176 1089 271 1152 rium.
308 1086 405 1167 Quod
429 1088 574 1172 profecto
598 1087 670 1151 fieri
693 1087 914 1173 intellegimus
937 1110 1011 1152 cum
1036 1088 1250 1153 structurasI

176 1206 211 1258 et
234 1194 269 1258 ΙΙ
292 1195 501 1259 conferimus,

267 1303 450 1366 Pronomen
474 1301 664 1366 relativum:

280 1567 308 1607 a.
348 1544 425 1607 Pro
449 1564 541 1607 casu
564 1543 737 1607 subiecti
761 1565 890 1606 casum
915 1542 1062 1607 obiecti
1086 1553 1152 1607 aut

381 1650 383 1655 ’
544 1651 730 1715 attributi
753 1651 885 1714 sumit:

607 1822 812 1885 Genetivum.

267 1944 306 2007 In
330 1944 453 2029 protasi
477 1952 605 2008 tantum
629 1943 834 2007 enuntiatum
859 1943 1103 2007 secundarium:

268 2052 322 2114 Br.
347 2051 405 2115 40:
435 2050 531 2114 Gaias
555 2053 614 2114 etsi
632 2053 752 2114 5500550
769 2063 842 2114 sant
857 2063 1010 2135 tempora,
1034 2064 1137 2114 tanuen
1154 2054 1250 2114 05550

175 2159 283 2222 maltis
302 2159 370 2236 fait
392 2171 464 2222 aare
489 2158 676 2233 Rauralam3
700 2158 772 2242 (pro
797 2155 873 2240 Qui,
900 2158 960 2221 etsi
985 2159 1054 2221 eius
1073 2209 1079 2221 .
1098 2154 1131 2239 ..)

320 2261 401 2314 Item:
421 2280 449 2331 p.
468 2260 537 2313 Mur.
557 2260 591 2314 57
611 2261 693 2329 (cuias
712 2261 885 2331 competitores
904 2263 944 2329 si).

267 2354 449 2418 Pronomen
474 2353 588 2417 definit
612 2354 777 2418 obiectum
803 2355 963 2418 enuntiati
987 2354 1186 2418 secundarii:

266 2461 364 2526 Tusc.
382 2462 466 2547 disp.
484 2461 515 2525 V
534 2462 610 2525 112:
637 2465 726 2525 05550
751 2466 930 2526 caecitatem
954 2487 1023 2526 rara
1047 2464 1251 2527 araliercalae

177 2570 436 2646 incarcerarentur,
467 2567 580 2648 „Quid
602 2568 739 2654 0955559(ι
770 2574 875 2655 559550
904 2595 966 2652 „aa
989 2570 1077 2634 00550
1102 2582 1134 2634 et
1154 2593 1184 2656 q.
1206 2593 1249 2651 s3

177 2676 218 2740 dc
242 2676 329 2740 offil
354 2676 410 2740 76:
446 2698 580 2760 quoram
610 2677 703 2738 rebus
729 2681 824 2761 pestis
857 2701 1051 2762 quaarqaam
1079 2681 1250 2763 imperium

171 2797 305 2869 parram
327 2783 587 2847 Lacedaemoniis
609 2796 753 2867 putatur,
777 2799 880 2848 taurea
903 2808 942 2848 ae
965 2788 1097 2848 rniaima
1123 2788 1249 2869 quidem

177 2915 214 2955 05
232 2903 329 2977 parte
353 2891 501 2975 Lycarpi
523 2891 643 2975 1095555
667 2904 696 2955 et
718 2893 908 2977 disciplinae
932 2892 1118 2974 conferendi
1139 2906 1220 2956 0555.

266 3034 305 3097 In
329 3034 452 3119 protasi
474 3033 571 3120 plura
595 3037 763 3099 enuntiata
787 3045 976 3100 occurrunt:

266 3142 425 3206 Eiusdem
449 3142 585 3206 ordinis:

267 3249 308 3313 de
331 3258 399 3313 nat.
424 3249 512 3314 deor.
538 3249 573 3312 ΙΙ
597 3250 653 3314 62:
688 3272 822 3334 9505555
846 3273 921 3311 uam
937 3241 1133 3313 remanerent
1148 3253 1251 3313 055555

177 3372 271 3444 atque
294 3361 477 3422 aeterraitate
491 3359 692 3441 fruerentur,
728 3362 787 3421 rite
822 3360 857 3421 di
881 3370 953 3421 aaut
979 3358 1090 3439 habiti,
1127 3383 1197 3422 0555
1220 3372 1250 3423 et

177 3469 291 3552 0905555
313 3479 412 3528 eareat
435 3478 464 3529 et
485 3469 614 3529 aeterni.
652 3466 723 3551 (pro
749 3467 815 3550 qui,
840 3487 914 3529 cum
940 3487 1050 3529 eorum
1069 3517 1075 3529 .
1095 3516 1101 3528 .
1121 3461 1152 3543 .).

319 3567 400 3621 ltem:
423 3567 457 3621 de
477 3567 549 3622 dom.
569 3568 621 3622 143
641 3570 759 3637 (quoram
777 3569 819 3631 si).

266 3661 400 3724 Diversi
422 3661 557 3725 ordinis:

267 3768 323 3834 Or.
348 3770 405 3834 39:
444 3792 578 3854 quoram
601 3782 686 3833 aetas
711 3792 780 3832 cam
803 3772 838 3831 55
862 3791 969 3832 eoram
990 3780 1143 3852 tempora,
1169 3791 1249 3853 9500

177 3880 348 3959 nominaui,
365 3880 538 3958 incidisset,
557 3878 737 3963 [0595005550
758 3889 861 3940 tamea
876 3879 943 3961 apsi
957 3901 978 3940 a
994 3876 1109 3940 tabidas
1125 3876 1248 3940 deliciis

177 3986 225 4048 ael
245 3988 353 4070 potiar
376 3987 505 4070 ineptiis
528 3986 679 4072 afuerunt
701 3981 773 4069 (pro
790 3984 856 4069 qui,
881 4006 1159 4056 cumeorum...
1184 3984 1248 4069 ipsi

176 4103 285 4156 tamen
304 4143 311 4157 .
330 4087 367 4174 .);
