2866 4762
520 258 750 320 -175-

92 434 277 498 attrahatur
300 457 320 496 a
343 433 444 497 verbo
469 434 662 498 secundario
685 444 784 520 atque
808 435 855 498 ita
872 435 913 499 ad
937 435 1017 500 illud
1040 458 1167 501 accom-

91 542 259 606 modetur:
924 543 928 551 '

91 671 203 734 quem
219 671 303 712 cum
327 647 441 711 multi
457 648 708 733 impedirent,
726 650 886 713 restitit.
911 647 1090 730 (structura
1106 651 1164 732 H).

180 757 233 820 Ita
261 777 354 836 sane,
390 765 424 818 at
451 777 517 818 non
545 765 634 820 recte
665 765 697 820 et
724 766 812 820 certe
842 756 994 841 ambigue
1023 758 1165 843 quodam

91 863 186 928 modo
215 863 415 946 Madvigius,
450 884 525 926 cum
553 863 594 926 de
627 863 901 928 conformatione:
938 886 1047 949 quem
1081 888 1164 930 cum

90 970 203 1035 multi
227 981 260 1035 et
281 993 312 1056 q.
335 993 359 1033 s.
385 970 466 1034 haec
490 970 585 1035 dicit:
610 971 667 1054 „id
692 972 725 1049 (i.
744 995 771 1035 e.
789 994 881 1057 pron.
899 969 973 1057 rel.)
996 975 1161 1039 interdum

90 1079 131 1143 ad
155 1077 383 1142 secundariam
400 1077 674 1161 accommodatur,
692 1101 775 1142 oum
792 1081 949 1165 proprie
965 1081 1012 1144 ad
1028 1082 1162 1166 prima-

88 1187 183 1250 riam
206 1185 453 1249 remotiorem
477 1186 759 1249 accommodari
790 1183 989 1251 deberet.“
1029 1188 1081 1252 De
1097 1211 1163 1274 qua

87 1316 122 1357 re
149 1315 214 1356 non
245 1292 388 1355 alienum
420 1315 439 1354 a
469 1294 635 1377 proposito
667 1293 818 1358 ducimus
853 1294 914 1358 hoc
950 1294 1021 1358 loco
1056 1318 1162 1380 pauca

88 1422 340 1466 commemorare
370 1407 469 1485 atque
498 1422 537 1463 ea
565 1401 607 1464 ad
635 1402 822 1486 opinionem
851 1402 1013 1488 Madvigii
1044 1403 1160 1468 diiudi-

88 1508 226 1572 candam
251 1506 417 1571 adhibere,

175 1614 449 1692 Hermannus¹)
474 1611 544 1695 (G.)
569 1624 668 1699 atque
692 1616 725 1696 ii,
751 1617 808 1700 qui
832 1638 906 1680 cum
923 1639 961 1680 eo
982 1617 1159 1700 faciebant,

88 1732 124 1787 ut
147 1722 300 1786 inanitati
324 1720 455 1785 cuidam
477 1721 657 1806 moderent,
686 1745 771 1807 quae
800 1724 832 1786 in
858 1724 974 1787 studiis
998 1747 1159 1808 gramma·

87 1830 160 1893 ticis
193 1838 300 1893 aetate
332 1850 443 1894 eorum
471 1839 667 1912 versaretur,
704 1839 803 1916 atque
838 1840 874 1894 ut
909 1831 1158 1896 fundamentum

83 1937 212 2001 firmum
244 1938 290 2000 eis
318 1937 435 2000 studiis
463 1946 631 2021 ponerent,
661 1939 844 2023 categorias
879 1939 1064 2003 Kantianas
1098 1962 1157 2024 pro

82 2066 195 2107 norma
218 2043 394 2125 duxerunt,
421 2043 540 2128 quibus
561 2066 613 2108 res
630 2044 671 2107 ad
688 2044 835 2129 linguam
852 2045 906 2109 vel
923 2045 963 2109 ad
980 2046 1157 2110 dicendum

82 2152 283 2236 pertinentes
317 2150 545 2215 diiudicarent.
604 2151 700 2231 Quod
729 2175 795 2216 non
822 2163 911 2217 recte
947 2175 1001 2216 eos
1036 2153 1153 2218 fecisse

81 2258 263 2344 probarunt
278 2259 484 2342 grammatici
500 2260 707 2323 recentiores.
742 2260 796 2337 (cf.
810 2260 853 2324 H.
867 2260 1033 2324 Ziemer:
1050 2260 1156 2344 Jung-

79 2387 214 2450 gramm.
234 2364 418 2449 Streifztige
430 2365 451 2428 i.
466 2365 606 2430 Gebiete
620 2367 651 2430 d.
667 2366 763 2454 Synt.
778 2366 921 2450 Oolberg
942 2367 1037 2450 1883,
1051 2368 1153 2453 praef.

80 2472 391 2558 pg.111etpg.2.)
438 2472 555 2558 ltaque
579 2476 732 2559 apparuit
756 2496 820 2538 non
845 2475 948 2539 solum
973 2475 1154 2539 rationibus

80 2580 205 2664 logicis,
237 2579 295 2643 sed
320 2580 418 2643 etiam
442 2581 492 2662 iis,
525 2602 609 2665 quae
633 2581 885 2669 psychologicae
910 2582 1073 2666 dicuntur,
1102 2605 1154 2646 res

79 2689 309 2772 grammaticas
332 2688 403 2772 regi
427 2697 526 2773 atque
550 2690 715 2753 notionem
732 2711 850 2752 vocum
874 2691 1153 2772 grammaticae

79 2806 117 2859 et
146 2794 297 2879 logicae
329 2817 394 2858 non
425 2795 564 2859 eandem
595 2796 917 2879 comprehensionem
942 2797 1073 2860 habere.
1110 2833 1151 2840 —-

78 2901 185 2987 Saepe
217 2903 304 2966 enim
333 2902 568 2990 psychologica
596 2903 721 2966 ratione
756 2913 853 2967 natae
886 2913 962 2967 sunt
998 2905 1152 2968 orationis

77 3010 362 3093 conformationes,
390 3032 473 3094 qnae
498 3033 563 3073 non
586 3011 694 3074 minus
717 3021 806 3074 recte
823 3010 912 3074 diota
934 3020 967 3074 et
983 3033 1026 3074 ex
1042 3010 1151 3074 indole

77 3127 109 3181 et
144 3126 262 3182 natura
298 3117 431 3202 linguae
459 3118 608 3203 profecta
635 3117 749 3182 haberi
778 3118 900 3182 debent
928 3141 1027 3204 qnam
1063 3117 1149 3201 illae,

77 3247 161 3310 quae
195 3225 320 3289 ratione
356 3225 462 3309 logica
496 3234 657 3289 creantur.
694 3261 738 3268 -
775 3225 870 3305 Quod
903 3236 1035 3310 praeter
1069 3225 1150 3290 alios

75 3330 194 3395 multos
210 3331 307 3395 huius
331 3333 448 3395 aetatis
464 3331 659 3396 Hermann
667 3355 709 3397 us
726 3333 872 3397 Paulus
896 3333 1148 3413 demonstravit,

74 3440 131 3524 qui
160 3438 316 3524 (Princip.
338 3439 369 3503 d.
392 3438 629 3524 Sprachgesch.
652 3463 706 3526 pg.
730 3441 787 3522 333
817 3440 915 3504 Halle
942 3437 1043 3521 1886)
1067 3441 1148 3504 haec

74 3547 203 3611 scribit:
228 3545 459 3630 „Grammatik
482 3548 550 3612 und
566 3549 671 3632 Logih
697 3550 811 3612 treffen
835 3549 994 3613 zunaohst
1010 3548 1147 3613 deshalb

76 3654 188 3732 „nicht
210 3677 407 3738 zusammen,
433 3655 507 3718 weil
531 3656 585 3719 die
609 3656 863 3740 Ausbildung
885 3657 954 3720 und
979 3656 1147 3720 Anwen·

77 3762 201 3847 „dung
234 3762 293 3826 der
327 3761 474 3847 Sprache
503 3764 595 3827 nicht
625 3764 750 3829 durch
785 3773 920 3847 streng
950 3763 1148 3846 logisches

164 4006 185 4073 ¹)
213 4005 276 4060 Non
304 4007 437 4061 nescimus
456 4007 622 4078 Madvigium
656 4026 717 4061 eum
745 4008 901 4063 Hermanno
930 4009 958 4061 in
991 4009 1146 4064 universum

71 4113 123 4149 non
145 4094 250 4148 fecisse.
