2866 4762
531 323 562 330 -
611 289 674 353 183
719 324 756 332 -

192 487 267 529 cum
291 465 356 529 his:
469 515 471 518 Α

192 595 222 656 p.
240 571 369 637 Cluent.
388 575 446 638 33:
487 596 568 658 qnae
592 598 662 638 onor
684 597 715 638 aa
740 597 803 639 aare
829 577 1049 660 rerpondiaret,
1076 575 1114 638 ab
1139 598 1175 639 ea

101 683 220 764 petivit,
245 693 281 743 at
303 690 337 744 et
353 703 383 766 q.
401 703 426 744 a.

192 810 222 872 p.
239 788 335 852 Roac.
354 786 395 852 Α.
412 788 470 852 33:
518 811 596 873 quoa
613 792 691 874 qnia
706 812 832 854 cervara
842 812 904 876 per
920 792 1175 875 ronaporitionem

101 893 234 973 volebat,
259 896 328 980 ipae
351 894 390 958 ab
414 897 457 958 a'r'a
479 897 685 981 interemptae
708 909 762 960 eat.

192 1003 413 1067 Possumusne
444 1002 553 1067 dicere
581 1003 684 1067 verba
713 1004 894 1090 Dionysiae
918 1014 950 1068 et
972 1005 1019 1068 M.
1036 1005 1175 1068 Fadium

102 1131 167 1173 non
202 1118 327 1192 partem
363 1131 433 1173 esse
469 1111 628 1175 enuntiati
664 1111 850 1175 secundarii
879 1112 931 1175 cui
960 1121 993 1175 et
1016 1111 1120 1176 forma
1143 1120 1176 1174 et

103 1239 199 1280 sensu
222 1216 469 1281 attribuuntur?

192 1315 264 1400 Ego
311 1315 444 1400 quidem
490 1315 681 1400 intellegere
727 1338 793 1381 non
840 1339 970 1402 possum
1013 1318 1176 1384 vocabula

103 1423 148 1485 M.
166 1423 306 1486 Fadium
322 1432 447 1506 partem
463 1445 534 1487 esse
550 1424 710 1488 enuntiati
728 1425 890 1509 primarrii
909 1435 967 1489 aut
983 1436 1014 1489 et
1032 1426 1176 1510 primarii

104 1540 136 1594 et
159 1529 359 1611 secundarii3
384 1531 492 1613 immo,
517 1529 574 1594 illa
590 1531 693 1595 verba
717 1541 840 1616 partem
865 1532 991 1596 faciunt
1015 1518 1177 1599 enuntiati

103 1636 289 1701 secundarii
324 1647 357 1701 et
391 1637 472 1701 nihil
508 1660 583 1701 cnm
618 1639 786 1703 enuntiato
823 1621 974 1723 primario
1006 1662 1176 1706 commune

104 1743 226 1808 habent
265 1746 328 1809 nisi
369 1747 535 1810 notionem
571 1769 673 1830 suam,
712 1769 796 1832 qnae
835 1749 869 1811 in
909 1771 946 1812 eo
986 1751 1175 1833 pronomine

102 1851 357 1917 demonstrativo
382 1854 585 1938 exprimitur.

192 1960 254 2024 Est
276 1961 377 2044 igitur
400 1962 433 2024 in
457 1959 553 2025 huius
573 1962 702 2045 generis
718 1961 877 2046 exemplis
893 1961 997 2026 solnm
1014 1965 1175 2046 attractio,

104 2089 187 2154 quae
211 2067 320 2152 aliquo
345 2076 436 2131 motu
459 2068 559 2132 animi
583 2069 740 2133 rationem
765 2068 905 2153 logicam
929 2069 1101 2134 disturbat.

193 2183 323 2248 Deinde
357 2206 423 2249 non
459 2185 708 2270 praeterendum
744 2195 802 2266 est,
843 2187 1007 2251 notionem
1045 2186 1177 2250 relativi

104 2291 283 2355 secundum
319 2291 450 2355 easdem
486 2291 574 2377 leges
610 2293 867 2358 demonstrativo
903 2294 1043 2378 exprimi
1078 2304 1111 2358 et
1141 2295 1176 2357 in

104 2406 268 2463 structura
291 2398 307 2462 I
332 2408 364 2462 et
385 2399 418 2462 in
434 2399 479 2481 II,
509 2400 663 2484 qnoniam
680 2400 737 2463 illa
753 2401 927 2484 separatim
943 2401 986 2465 ad
1002 2410 1176 2487 utrumque

104 2505 308 2570 enuntiatum
332 2505 386 2569 vel
410 2506 549 2570 verbnm
573 2516 708 2591 spectat.

195 2613 327 2677 Addam
357 2613 498 2700 deniqne
527 2625 769 2700 argumentum,
800 2616 887 2701 qnod
911 2617 1176 2680 Devantierns

104 2722 199 2785 affert
233 2720 296 2805 (op.
323 2721 377 2786 all.
404 2745 433 2805 p.
460 2722 526 2804 16),
555 2745 628 2787 cum
665 2723 898 2810 psychologioa
932 2725 1057 2788 ratione
1092 2723 1177 2788 hanc

107 2828 337 2912 implicationis
361 2830 547 2915 opinionem
571 2830 741 2894 diiudicat:

196 2935 384 3018 „Hiernach
408 2937 442 3014 (i.
468 2959 494 3000 e.
517 2937 697 3001 secundum
720 2937 805 3000 hanc
829 2937 1029 3022 opinionem)
1052 2937 1094 3001 ist
1118 2937 1177 3002 das

106 3043 323 3128 „Satzgefiige
339 3054 448 3108 zuerst
464 3044 512 3108 als
524 3045 725 3110 Relativsatz
742 3046 801 3108 mit
817 3046 922 3109 einem
934 3045 1176 3109 Zwischensatz

107 3174 167 3234 „zu
184 3151 329 3216 denken:
355 3152 433 3237 qni,
451 3174 534 3215 cnm
551 3176 598 3216 ex
615 3175 656 3216 eo
673 3162 942 3238 quaereretur,
965 3153 1093 3238 inquit
1108 3152 1177 3217 und

107 3259 214 3342 „dann
238 3259 291 3324 die
308 3259 526 3345 Einordnung
549 3261 606 3325 des
626 3260 831 3325 Relativums
855 3262 888 3324 in
913 3261 977 3325 den
1000 3272 1175 3345 ursprting-

107 3367 234 3445 „lichen
262 3367 504 3432 Zwischensatz
529 3369 785 3433 vorznnehmen:
811 3391 860 3432 ex
883 3391 956 3454 qno
981 3391 1064 3433 cum

106 3475 191 3557 „Die
220 3475 339 3539 beiden
363 3474 455 3539 Akte
485 3476 599 3540 stehen
624 3476 703 3540 aber
730 3477 764 3539 in
781 3476 854 3540 dem
873 3475 1098 3540 Verhaltnisse
1121 3499 1175 3541 zu-

107 3582 293 3664 „einander,
319 3579 381 3646 dal
403 3582 461 3647 der
486 3584 600 3647 zweite
625 3585 697 3647 eine
721 3584 1176 3668 Rfick'wartsbewegung

107 3688 184 3769 „des
209 3689 367 3753 Denkens
395 3690 585 3774 gegem‘iber
608 3691 682 3755 dem
707 3700 814 3754 ersten
838 3690 1003 3755 bedentet.
1031 3723 1069 3734 -
1097 3691 1176 3754 Man

106 3796 265 3873 „braucht
288 3819 348 3882 gar
370 3796 461 3862 nicht
485 3798 605 3861 einmal
628 3798 863 3880 anzunehmen,
892 3795 954 3861 dass
983 3798 1042 3862 das
1071 3820 1175 3881 ganne

106 3904 324 3989 „Satzgeftige
359 3903 409 3968 bis
444 3928 485 3969 zu
509 3905 604 3968 Ende
639 3904 781 3989 gedacht
816 3904 884 3968 und
913 3906 1001 3970 dann
1032 3917 1098 3969 erst
1121 3907 1175 3971 die

107 4002 391 4096 „Umwandelung
408 4013 465 4077 des
482 4013 681 4077 Pronomens
698 4035 951 4097 vorgenommen
968 4013 1064 4095 wird3
1081 4038 1174 4079 wenn

106 4143 201 4198 „man
218 4120 302 4184 anch
318 4143 380 4184 nur
396 4120 447 4185 bis
463 4144 504 4185 zu
521 4122 641 4186 einem:
659 4123 738 4207 qui,
757 4144 839 4185 cum
857 4144 904 4185 ex
921 4145 962 4186 eo
983 4123 1175 4205 gekommen
