2866 4762
646 253 857 363 442„

216 481 247 543 4.
272 478 489 542 Enuntiatum
513 477 742 542 secundarium
766 487 873 563 potest
897 501 966 543 esse
996 478 1206 562 interrogatio
1231 477 1289 541 ob·

273 585 377 670 liqua:
401 607 433 670 p.
459 584 548 649 Cael.
574 587 626 650 67.

217 695 247 756 ἶ).
272 693 336 756 Pro
352 693 522 757 enuntiato
543 692 737 757 secundario
758 692 879 757 locutio
898 693 1114 779 participialis
1135 695 1287 779 usurpari

273 809 390 886 potest.

220 1361 271 1424 De
312 1368 510 1424 structura
544 1357 560 1420 I
594 1380 678 1422 cum
714 1357 959 1420 enuntiatum
995 1356 1290 1421 substantivum

385 1465 448 1529 vel
472 1466 736 1547 interregatio
760 1463 919 1549 obliqua
943 1465 1123 1528 occurrit.

308 1610 405 1673 Nunc
420 1610 484 1673 iam
501 1631 607 1694 pauca
623 1608 664 1672 de
680 1607 759 1672 locis
776 1616 958 1672 structurae
975 1608 991 1671 1
1004 1607 1111 1671 dicam
1124 1608 1157 1671 in
1170 1607 1291 1692 quibus

219 1719 423 1782 enuntiatum
441 1716 682 1781 substantivum
700 1715 754 1779 vel
770 1716 980 1799 interrogatio
993 1714 1127 1800 obliqua
1139 1715 1290 1778 occurrit.

289 1884 292 1889 .
310 1824 561 1890 Consideremus
588 1823 714 1909 aliquot
734 1823 829 1886 huius
856 1824 986 1907 generis
1008 1821 1160 1908 exempla
1183 1820 1291 1886 velut:

307 1956 339 2019 p.
363 1931 474 1995 Plano.
493 1931 551 1995 52:
588 1954 685 2016 qaam
720 1943 752 1994 tu
792 1933 909 1993 vereris
948 1952 986 1993 oe
1022 1955 1043 1993 a
1081 1944 1109 1994 te
1147 1941 1293 2014 suscepta

218 2043 365 2104 videatur
370 2065 379 2116 3
393 2039 436 2103 ad
450 2039 518 2102 Att.
534 2039 624 2121 VII,
641 2039 699 2102 10:
718 2041 775 2122 qui
790 2039 964 2100 declaravit
976 2041 1090 2122 quanti
1099 2039 1293 2120 mefaceret5

218 2170 315 2225 quem
345 2148 430 2212 nosti
458 2168 557 2232 quam
590 2145 702 2210 tardus
731 2147 787 2226 sit3
824 2142 879 2228 (of.
917 2145 1104 2230 exemplum
1140 2144 1181 2208 ad
1215 2145 1292 2208 fam.

219 2254 303 2318 VIII
330 2255 381 2335 10,
407 2255 441 2318 3:
467 2253 564 2316 Nocti
586 2253 774 2316 Marcellum
799 2275 894 2336 qaum
918 2270 1028 2316 toruos
1053 2251 1135 2329 ait.);

310 2362 476 2425 Orationis
510 2361 722 2425 conformatio
751 2382 834 2445 quae
862 2359 913 2423 his
942 2359 1046 2423 tribus
1084 2358 1163 2423 loeis
1196 2361 1291 2442 inest,

220 2469 392 2555 persimilis
431 2469 572 2552 primum
607 2467 738 2531 videtur
774 2469 818 2549 ei,
854 2489 938 2551 quae
972 2468 1113 2531 occurrit
1148 2465 1295 2551 exempli

222 2599 335 2640 eausa:

311 2684 344 2746 in
368 2684 462 2746 Verr.
489 2681 509 2745 I.
535 2682 569 2744 II
594 2683 651 2746 53:
682 2685 739 2766 qai
766 2681 848 2744 bona
875 2704 938 2744 oon
961 2683 1161 2765 perdidisset,
1185 2683 1252 2744 oiri
1266 2683 1297 2743 ei

220 2795 353 2854 venderet
380 2791 553 2869 heraditum

310 2898 368 2963 sed
391 2921 426 2961 re
443 2919 523 2961 vera
546 2896 685 2960 multum
701 2898 787 2960 inter
807 2896 865 2959 has
882 2896 1153 2960 conforma-tiones
1170 2894 1295 2976 differt,

222 3006 309 3092 quod
334 3015 488 3070 accurate
512 3004 696 3068 ostendam:

311 3113 418 3177 Locus
448 3113 504 3196 qui
529 3111 649 3195 legitur
677 3112 709 3173 in
734 3120 814 3174 orat.
839 3111 872 3173 in
897 3110 990 3173 Verr.
1017 3109 1036 3172 l.
1062 3109 1163 3173 1153
1188 3120 1298 3194 potest

222 3221 279 3283 has
304 3219 461 3283 exhibere
485 3220 619 3282 formas:

225 3349 252 3407 1.
279 3345 335 3429 qui
363 3344 449 3409 bona
477 3366 541 3407 non
570 3343 779 3428 perdidisset,
810 3343 873 3406 nisi
901 3344 931 3406 ei
960 3344 1104 3407 venisset
1131 3342 1298 3407 hereditas

383 3451 569 3531 (Structura
592 3451 623 3531 13
649 3459 759 3514 enunt.
786 3471 849 3513 seo.
874 3450 1118 3535 postpositum),

223 3579 253 3640 2.
279 3578 345 3662 qui,
378 3577 440 3639 nisi
473 3577 503 3639 ei
532 3577 676 3639 venisset
700 3575 877 3655 hereditas,
904 3573 990 3638 bona
1013 3597 1076 3638 non
1100 3573 1299 3658 perdidisset

384 3682 570 3763 (Structura
593 3683 623 3763 I3
649 3692 758 3745 enunt.
789 3703 852 3744 sec.
878 3678 1134 3765 interpositum)3

225 3811 255 3870 3.
282 3809 335 3871 oui
374 3810 435 3872 nisi
475 3809 619 3871 venisset
657 3806 831 3886 hereditas,
872 3805 958 3869 bona
997 3829 1061 3870 non
1101 3805 1301 3890 perdidisset

385 3913 572 3995 (structura
595 3914 644 3994 II3
662 3915 682 3976 i.
701 3937 728 3976 e.
758 3935 934 3997 pronomen
952 3914 1126 3977 relativum
1151 3915 1302 3998 sequitur

387 4023 660 4085 constructionem
679 4019 838 4082 enuntiati
859 4021 1043 4083 secundarii
1067 4022 1185 4085 eteius
1209 4021 1300 4085 notio

386 4128 582 4192 subauditur
597 4126 650 4190 vel
665 4126 859 4209 exprimitur
875 4126 907 4187 in
930 4129 1096 4191 enuntiato
1113 4123 1301 4212 prImario)3
