2866 4762
598 281 827 347 —150-

176 481 263 523 mum
287 461 366 523 milui
388 471 433 523 eet
454 462 489 523 iu
513 482 610 524 eoeua
636 494 674 502 —
701 461 787 543 quod
813 472 847 523 tu
874 483 973 522 uuum
1003 458 1121 543 ζήτημα
1145 461 1251 524 Dioni

176 566 365 652 philosopho
385 569 527 652 posuisti
550 601 590 611 —
616 579 719 631 tameu
743 569 822 651 quid
846 570 954 652 potius
968 567 1108 650 suriam,
1144 571 1249 653 prius·

178 695 275 758 quam
297 697 344 737 me
368 675 539 737 dormitum
563 674 736 757 eouseram,
760 697 824 737 uou
848 677 980 759 reperio

268 789 320 853 Et
343 790 515 854 eiusdem
539 799 578 854 et
601 790 753 855 divorsi
776 790 941 855 ordinis:

268 896 310 961 ad
327 897 396 961 Att.
415 897 431 959 I
449 897 500 980 17,
519 897 552 960 8:
581 896 653 977 Qua
675 901 711 961 iu
733 920 767 960 re
783 899 978 961 deeerueudu
1001 921 1071 960 cum
1095 920 1150 982 eoo
1175 921 1251 960 casu

104 1022 105 1026 ’
177 1026 242 1068 uou
277 1005 436 1088 affuissem
471 1008 695 1089 eeusietemque
727 1007 762 1068 id
796 1017 966 1088 equestrem
997 1007 1140 1068 ordinem
1159 1005 1251 1086 ferre

178 1111 303 1174 moleste
325 1133 425 1196 ueque
448 1124 554 1196 aperte
578 1113 689 1193 dicere,
727 1111 895 1196 obiurquui
922 1124 1072 1193 seruatum,
1109 1123 1145 1175 ut
1173 1111 1252 1174 mili

178 1220 264 1281 uisus
287 1241 367 1295 sum,
404 1241 525 1281 summa
550 1242 619 1281 eum
643 1221 828 1282 auctoritate
852 1232 880 1283 et
901 1222 937 1282 iu
960 1241 1057 1282 eausa
1079 1240 1145 1282 uou
1167 1240 1251 1282 uere·

178 1326 282 1388 euudu
306 1326 475 1388 admodum
496 1328 605 1407 orasis
629 1338 656 1387 et
680 1329 825 1409 cepimus
839 1327 908 1407 fui.

269 1440 389 1504 Forma
413 1463 433 1503 s
457 1439 572 1518 (b:A):
973 1508 977 1516 ,

269 1547 311 1611 ad
336 1546 406 1611 Att.
423 1546 475 1610 IX
493 1547 570 1630 7A.,
588 1548 623 1612 2:
648 1573 668 1610 a
696 1570 758 1632 quo
787 1551 817 1611 si
842 1551 901 1611 erit
929 1548 1019 1611 uobis
1049 1551 1247 1634 rescriptum,

179 1657 286 1717 rtatim
310 1677 380 1717 eum
403 1657 545 1735 sciemus,
571 1656 615 1717 ud
637 1667 664 1717 te
688 1655 857 1719 scribemus
874 1670 902 1719 et
918 1654 1249 1738 tibifidemfaciemus

179 1785 236 1825 uos
260 1785 296 1825 eu
319 1764 462 1840 euadere,
499 1784 579 1847 quae
601 1763 692 1826 uobis
715 1764 863 1826 uidentur
890 1775 962 1826 tuae
989 1764 1151 1845 diouitati,
1187 1786 1250 1826 uem

180 1868 325 1933 Caesaris
362 1873 491 1951 ratioui,
533 1891 597 1933 esee
635 1870 820 1950 utilissima3
869 1869 1007 1948 (Balbus
1051 1879 1084 1934 et
1124 1869 1249 1956 Oppius

182 1973 353 2055 scribunt).

181 2128 353 2192 Protasis
378 2127 674 2212 comprehendit
697 2127 900 2191 enuntiata
923 2127 1070 2191 diversi
1086 2128 1249 2213 ordinis,

270 2234 438 2319 spodosis:

270 2350 457 2415 Eiusdem
481 2349 642 2413 ordinis:

271 2457 356 2521 Phil.
373 2458 409 2520 ΙΙ
426 2458 483 2522 37:
511 2455 605 2536 Quod
628 2459 754 2541 quidem
773 2470 911 2542 tempore
933 2460 973 2531 ei,
996 2469 1031 2521 ut
1046 2459 1127 2536 diui,
1152 2481 1252 2521 meum

181 2567 348 2629 remilium
383 2567 616 2648 auctoritasque
646 2566 807 2647 volumem,
844 2578 879 2627 tu
912 2565 1004 2628 lodie
1039 2587 1161 2648 meres,
1196 2588 1252 2628 uos

183 2673 276 2737 liberi
309 2695 453 2756 ememor,
488 2695 538 2735 res
571 2673 702 2758 publico
735 2695 801 2737 uou
835 2685 879 2736 tot
913 2674 1006 2735 duces
1041 2686 1070 2736 et
1101 2677 1252 2737 euerritur

182 2783 351 2856 omisissem
386 2779 428 2843 ad
452 2779 520 2843 Att.
540 2779 706 2862 V112,6:
742 2779 773 2841 A
810 2802 871 2864 quo
900 2783 930 2842 si
959 2802 994 2842 ea
1019 2793 1108 2863 qesta
1143 2793 1251 2858 eume,

182 2911 263 2972 quae
285 2890 424 2972 scripsit,
447 2888 617 2971 oauderem
641 2899 669 2949 et
692 2887 807 2950 louori
819 2886 976 2967 faverem.

271 3006 351 3069 Post
372 3004 547 3068 relativum
572 3003 709 3067 alterum
733 3002 923 3067 relativum:

272 3113 396 3176 Timae.
422 3134 493 3196 cap.
514 3114 550 3175 11
572 3133 638 3174 ex.:
678 3111 717 3173 Iu
741 3110 854 3195 quidus
877 3113 933 3194 qui
955 3111 1033 3173 tales
1053 3109 1253 3189 creabuntur,

182 3231 216 3283 ut
239 3220 370 3283 deorum
393 3219 621 3281 immortalium
637 3221 732 3302 quusi
751 3219 883 3302 qeutilee
900 3240 964 3281 esse
985 3217 1126 3294 debeam,
1153 3217 1257 3280 diuiui

181 3329 305 3409 omerio
329 3327 529 3410 appellemur
552 3338 736 3409 teneamque
760 3328 899 3388 omuium
926 3327 1138 3388 uuimuutium
1164 3327 1254 3409 priu-

183 3437 323 3518 eiputum
346 3433 496 3516 uobisque
518 3437 587 3496 iure
611 3445 639 3495 et
661 3433 727 3514 leoe
750 3433 886 3496 uoleutes
907 3445 1054 3516 pareunt.

273 3567 432 3630 Diversi
457 3566 620 3630 ordinis:

275 3674 317 3738 ad
342 3674 513 3752 Amilo,
535 3674 588 3737 10:
621 3677 655 3736 iu
679 3694 742 3757 quo
766 3676 796 3735 si
818 3675 897 3757 quid
920 3676 988 3752 erit,
1026 3673 1112 3756 quod
1135 3672 1258 3735 domiui

183 3782 289 3845 Attico
312 3785 416 3843 miuus
443 3779 600 3844 Graecum
624 3782 841 3864 eruditumque
864 3783 1018 3862 uideatur,
1050 3801 1116 3843 uou
1138 3781 1255 3860 dirum,

185 3891 271 3972 quod
286 3889 354 3968 tibi,
379 3901 414 3951 ut
430 3891 555 3973 opiuor,
579 3888 761 3950 Puudormi
775 3887 939 3966 Lucullus,
965 3888 1003 3950 de
1026 3890 1092 3950 ruis
1113 3888 1256 3950 historiis

185 3998 321 4076 dixerut,
358 4018 400 4076 se,
438 4018 499 4080 quo
518 3996 657 4078 faciliue
684 3994 759 4057 illus
782 3995 933 4079 probaret
957 3995 1098 4058 Romani
1119 3994 1257 4058 leminis

184 4126 258 4184 esse,
282 4105 402 4166 idcireo
427 4103 566 4167 barbara
591 4104 748 4187 quaedem
771 4115 799 4164 et
823 4100 952 4166 σόλοικα
977 4104 1173 4187 dispersisse.
