2866 4762
604 287 639 295 -
686 253 758 352 isn-
794 287 832 296 -

178 445 251 497 quenl
269 428 306 480 ad
322 446 378 481 eunt
398 428 556 497 quotiensque
579 429 712 494 uenissent,
737 429 937 499 quaesissentque
956 428 988 480 al
1006 447 1035 482 eo
1053 429 1149 482 nihilne
1172 447 1254 482 secura

177 524 240 570 esset
264 516 295 570 de
319 517 382 578 fatis
404 516 535 587 Sibyllinis
556 519 661 579 locatas,
681 527 732 571 tnta
750 519 793 571 ille
811 517 891 570 subito
910 520 1001 571 scelere
1028 519 1129 571 dernens
1157 526 1254 588 quanta

178 606 343 658 conscientiae
362 607 400 659 uis
419 612 482 658 esset
501 607 615 659 ostendit.
659 645 661 647 >

268 694 368 748 Forma
387 712 403 747 a
422 694 450 761 (b
464 714 472 757 3
485 695 535 748 As:

268 781 312 836 Or.
328 783 393 836 140.-
421 782 461 836 De
481 801 528 852 qno
553 801 607 836 cans
627 783 689 834 rnilri
706 783 822 853 deinceps
841 783 952 835 niderern
970 801 1022 836 esse
1040 784 1185 849 dicendam,
1208 785 1256 837 etsi

178 872 308 926 innuebant
325 873 377 924 iarn
397 891 435 924 ine
453 873 508 937 illa,
528 890 592 941 quae
611 889 690 942 snpra
710 872 834 937 dinerarn,
854 879 938 924 tannen
956 873 995 940 iis,
1021 890 1086 943 qnae
1104 882 1253 943 sequuntur,

172 960 348 1032 perturbabar
366 962 455 1031 raaqis.

269 1049 301 1102 In
319 1050 441 1104 orations
461 1049 585 1119 obliqua:

269 1138 344 1192 acad.
363 1157 403 1208 pr.
425 1138 474 1192 29:
506 1156 582 1207 qnam
609 1138 734 1197 rationein
771 1138 890 1207 quoniam
926 1139 1082 1208 susciperent
1115 1139 1254 1209 docereque

176 1229 275 1294 uellent,
299 1246 363 1297 qnae
386 1228 441 1280 uisa
464 1226 550 1297 accipi
566 1233 693 1297 oporteret
715 1232 739 1278 et
762 1244 826 1295 qnae
844 1227 986 1297 repudiari,
1010 1235 1076 1279 certe
1095 1227 1143 1280 boc
1161 1228 1252 1298 ipsam,

178 1334 209 1370 err
228 1334 276 1387 qno
294 1334 365 1369 otnne
384 1317 439 1369 ueri
451 1315 567 1385 salsique
585 1315 708 1368 indiciarn
726 1323 795 1380 esset,
810 1316 945 1385 percipere
963 1332 1004 1368 eos
1023 1315 1143 1369 debuisse.

267 1440 307 1493 Et
327 1439 476 1493 eiusdem
495 1446 526 1493 et
545 1438 672 1493 diversi
691 1438 831 1493 ordinis:

268 1528 310 1581 ad.
324 1527 387 1581 fam.
401 1528 414 1581 I
426 1528 452 1595 9,
465 1528 513 1581 20:
533 1528 645 1591 Quorum
657 1529 739 1598 iniqui
749 1545 874 1582 sermones
894 1546 949 1580 cnm
967 1528 1004 1581 ad
1020 1547 1059 1582 rne
1074 1547 1125 1600 per
1142 1529 1252 1582 ltontines

177 1618 361 1671 honestissimos
382 1617 564 1688 perferrentur
592 1635 695 1687 cnrnqne
725 1616 856 1688 Pornpeius
879 1619 916 1669 ita
940 1619 1115 1686 contendisset,
1142 1627 1171 1672 at
1189 1620 1254 1671 nibil

178 1726 296 1777 uritiqnans
322 1708 411 1778 rnaqis,
439 1715 467 1759 at
495 1725 550 1759 cain
576 1705 668 1760 Crasso
691 1708 801 1760 redirern
828 1708 854 1758 in
881 1708 1002 1776 qratiam,
1033 1705 1179 1778 Caesarque
1202 1725 1253 1779 per

178 1798 275 1850 litteras
293 1798 408 1848 ‘tirocinia
427 1815 452 1849 se
471 1797 585 1848 inolestia
603 1813 635 1849 ea
648 1797 694 1848 illa
708 1797 864 1849 contentione
877 1799 995 1867 affectura
1008 1797 1156 1863 ostenderet,
1176 1796 1254 1850 habai

178 1904 227 1939 non
250 1893 390 1956 temporina
414 1887 494 1938 solnrn
516 1886 641 1938 rationein
660 1902 770 1938 rneornrn
792 1886 838 1937 sed
855 1885 932 1938 etiarn
949 1892 1067 1952 naturae,
1089 1883 1251 1956 Crassusque,

177 1984 204 2029 nt
223 1977 297 2046 quasi
315 1984 408 2029 testata
424 1977 521 2046 populo
534 1975 649 2027 Romano
668 1982 730 2028 esset
743 1983 831 2027 nostra
843 1976 940 2045 qratia,
955 1993 1039 2045 paene
1052 1994 1068 2028 a
1081 1977 1142 2028 lueis
1156 1975 1252 2028 laribus

177 2067 205 2118 in
220 2067 382 2136 provinciana
400 2072 437 2118 est
451 2064 594 2135 profectas.

265 2154 400 2208 Formas
420 2153 525 2219 (b:A):

267 2242 300 2296 da
313 2261 342 2296 rs
354 2261 381 2312 p.
395 2241 495 2295 11142:
516 2241 585 2303 Quae
600 2258 655 2293 curn
668 2241 772 2294 diruisset
784 2240 896 2307 Laelius,
906 2242 953 2293 etsi
964 2258 1055 2307 ornnes,
1075 2243 1120 2312 qui
1131 2245 1250 2310 aderant,

177 2331 355 2402 si9nijtcalant
378 2331 411 2383 al
435 2348 463 2383 co
482 2349 508 2383 se
527 2348 578 2383 esse
598 2331 734 2383 adnodant
757 2331 902 2396 delectatos,
926 2338 1010 2384 tannen
1024 2341 1133 2402 praeter
1157 2340 1251 2386 ceteros

176 2419 263 2490 Scipio
283 2421 357 2489 qnasi
376 2420 485 2489 quadarn
501 2420 598 2489 qandio
617 2420 705 2486 elatus,
725 2419 841 2485 „Multas
860 2429 888 2472 ta
906 2421 1022 2490 qa⁴idern“
1041 2421 1133 2491 inquit,
1153 2421 1250 2488 ,Laelia

177 2528 251 2580 saepe
271 2527 362 2561 causas
380 2509 418 2562 ita
438 2508 583 2576 defendisti,
603 2515 630 2560 nt
648 2526 692 2577 eqo
711 2526 761 2560 non
779 2510 853 2561 niodo
873 2515 901 2562 et
913 2526 939 2578 q.
953 2527 974 2562 s.

267 2597 1251 2668 Constructiones,quaaproenuntiatorelativoparticipiumconiunctum

178 2693 224 2740 aut
237 2685 383 2739 ablativum
399 2686 552 2740 absolutum
564 2686 704 2756 praebent,
722 2686 750 2738 in
759 2685 831 2739 hunc
844 2691 1018 2756 conspectum
1032 2706 1088 2741 non
1101 2688 1250 2755 retulimuS,

177 2775 304 2846 quoniam
323 2782 486 2828 structuram
504 2773 545 2827 III
563 2775 626 2828 illae
645 2793 699 2829 non
718 2775 826 2845 propria
846 2773 981 2829 exhibent.

265 2969 484 3022 Enuntiatum
502 2968 680 3022 relativum
700 2974 751 3021 est
770 2969 978 3022 enuntiatum
998 2971 1247 3025 substantivum

177 3066 233 3111 aut
251 3058 475 3128 interrogatio
496 3057 642 3127 obliqua.

266 3149 289 3200 1.
310 3147 529 3200 Enu'ntiatum
548 3146 796 3200 substantivum
815 3154 878 3200 est:

266 3253 457 3308 Subiectum
477 3254 646 3308 enuntiati
665 3254 826 3325 primarii:

265 3363 291 3414 p.
306 3343 411 3397 Cluant.
426 3344 490 3398 158:
510 3363 560 3413 qna
579 3362 647 3395 nilne
667 3353 694 3396 nrt
712 3351 792 3396 utar.
813 3384 819 3396 .
840 3383 846 3395 .
866 3361 916 3396 non
936 3344 1089 3397 conceditur.

267 3458 441 3513 Obiectum
460 3460 629 3512 enuntiati
648 3459 814 3530 primarii:

266 3548 300 3602 ad
314 3549 346 3614 Q.
360 3549 455 3616 fult,
470 3551 498 3602 6:
528 3551 599 3602 cuins
627 3557 654 3602 lu
675 3551 702 3601 in
726 3557 829 3620 patrern
858 3549 926 3620 qnod
946 3549 1026 3617 fuisti
1052 3549 1171 3620 asperior
1198 3566 1248 3601 uon

176 3639 341 3710 reprehendo.

265 3728 461 3798 interponitur:

266 3818 299 3870 ad
315 3817 346 3882 Q.
360 3818 391 3870 fr.
406 3816 418 3869 Ι
432 3819 455 3884 1,
470 3818 517 3871 17ε
539 3819 565 3870 in
584 3817 672 3888 quibas
689 3834 778 3870 uereor
796 3817 872 3869 etiarn
891 3835 922 3869 ne
940 3817 1031 3869 durior
1049 3817 1104 3870 sira.

265 3906 435 3976 Implicatim

266 3995 332 4049 Phil.
347 3996 432 4050 1155:
462 4015 526 4066 quae
549 4004 651 4050 senatus
674 3999 747 4050 salua
770 3995 919 4067 republica
943 4013 974 4047 ne
985 3995 1050 4062 fieri
1067 4000 1173 4065 possent
1187 4012 1248 4065 per-

172 4085 282 4153 s'atrar.
