2866 4762
607 322 818 386 ,82-

178 552 184 565 .
205 552 211 564 .
230 552 236 564 .
260 504 346 579 Quas
369 501 420 564 hic
440 523 528 564 noces
545 501 635 586 apud
651 499 838 586 Sophoclem
852 503 888 563 in
904 499 1087 564 Trachiniis
1104 501 1185 564 edit!
1200 508 1253 564 cui

177 632 247 671 uum
269 608 431 671 Deianira
465 611 620 692 sanquine
644 606 796 673 Centauri
829 610 959 671 tinctam
987 611 1127 672 tunicam
1153 610 1250 671 indu-

176 718 251 779 isset
271 715 517 800 inhaesissetque
540 737 577 778 eo
599 717 781 794 uisceribus,
807 717 854 778 ait
876 716 948 778 ille:

267 809 431 888 Formas
455 821 587 901 (b:A):

267 928 308 993 de
331 930 384 994 off.
408 928 461 992 III
487 930 565 993 112:
591 928 651 992 Cui
673 952 744 991 oum
768 942 845 993 esset
863 933 1054 1011 nuntiatum,
1081 934 1139 1016 qui
1159 932 1252 994 iilum

176 1042 294 1102 iratum
318 1039 492 1102 allaturum
508 1040 551 1101 ad
566 1061 597 1101 se
613 1038 740 1123 aliquid
755 1052 866 1102 contra
877 1052 1010 1124 patrum
1026 1039 1250 1121 arbitraretur,

180 1149 320 1209 surrenit
342 1168 357 1208 e
382 1145 492 1209 lectulo
518 1156 550 1209 et
574 1168 604 1230 q.
630 1167 654 1209 s.

270 1253 402 1317 Diversi
426 1252 562 1317 ordinis:

268 1360 309 1424 (16
332 1382 378 1424 or.
402 1359 437 1423 ΙΙ
460 1358 540 1424 278:
576 1382 637 1443 quo
665 1362 700 1422 in
726 1382 839 1443 ponere
866 1373 912 1423 est
938 1361 1021 1424 illud
1051 1358 1165 1443 Siculi,
1201 1363 1254 1423 oui

178 1490 248 1531 cum
263 1468 447 1549 familiaris
476 1469 607 1551 quidam
636 1479 826 1551 quereretur,
864 1469 950 1552 quod
980 1469 1096 1532 diceret
1122 1454 1252 1531 uuoreni

178 1598 269 1637 sicum
291 1576 491 1659 suspendisse
507 1596 538 1636 se
559 1575 683 1656 defien,
708 1574 857 1654 ‚‚Arnabo
875 1571 927 1638 te“
951 1577 1067 1658 inquit,
1094 1576 1161 1653 „do
1175 1576 1254 1638 mihi

181 1706 219 1745 en
242 1685 304 1745 isto
320 1681 444 1762 arbore,
471 1703 548 1766 quos
572 1703 675 1744 seram
691 1680 874 1762 surculos“3
898 1681 940 1746 od
957 1683 1034 1746 fam.
1048 1681 1133 1746 VIII
1152 1684 1203 1766 12,
1216 1683 1250 1747 3:

182 1790 306 1870 Quibus
331 1813 400 1853 cum
420 1812 540 1875 parum
558 1791 745 1875 procederet
767 1801 802 1852 ut
823 1790 891 1852 uilo
916 1790 981 1874 hope
1004 1790 1084 1853 ncihi
1101 1804 1254 1876 ponerent

180 1909 404 1977 accusatorem,
430 1897 617 1980 compellari
636 1919 673 1959 eo
689 1897 754 1979 hope
768 1919 816 1958 nie
839 1901 1016 1976 noluerunt,
1042 1920 1107 1982 quo
1130 1907 1163 1962 et
1178 1920 1209 1984 q.
1227 1921 1252 1962 s.

270 2006 453 2068 Pronomen
487 2004 662 2068 relativum
694 2003 923 2067 correlativsm
958 2005 1012 2069 vel
1047 2027 1171 2070 meram
1203 2028 1254 2069 ro·

180 2111 315 2176 lativam
339 2112 407 2174 vim
431 2111 542 2176 habet:
992 2111 997 2120 '

271 2219 311 2283 (16
334 2242 369 2283 re
393 2241 424 2304 p.
450 2218 467 2282 Ι
492 2219 525 2282 I:
564 2220 597 2282 Is
626 2222 709 2282 enim
722 2219 868 2301 fueram,
902 2222 954 2282 cui
977 2244 1047 2282 cum
1071 2220 1178 2284 liceret
1200 2233 1255 2283 out

179 2330 316 2389 rriaiores
337 2350 374 2389 en
391 2329 453 2390 otio
468 2327 601 2408 fruetus
618 2348 730 2412 capere
747 2349 841 2411 quarn
859 2330 967 2390 ceteris
978 2341 1116 2413 propter
1131 2331 1255 2391 variam

180 2437 367 2497 suauitatem
401 2435 590 2514 studiorum,
627 2446 691 2515 out,
733 2437 763 2496 si
797 2436 877 2518 quid
910 2436 1086 2499 occiderit.
1112 2483 1119 2497 .
1148 2485 1155 2500 .
1190 2458 1254 2500 non

180 2543 400 2626 praecipuam,
426 2543 481 2604 sed
498 2564 637 2626 parem.
664 2593 670 2604 .
696 2590 703 2603 .
730 2544 946 2605 condicionem
968 2543 1084 2622 subire,
1109 2565 1175 2606 non
1198 2546 1253 2606 du·
1329 2532 1331 2536 Α

182 2648 346 2712 bitoucrim
369 2671 417 2711 me
438 2651 636 2732 pravissimis
661 2651 893 2734 tempestatibus
919 2701 925 2713 .
952 2699 959 2713 .
986 2699 993 2713 .
1024 2650 1150 2714 obuium
1164 2650 1255 2734 ferre

183 2767 216 2819 et
263 2806 269 2819 .
295 2779 320 2819 s.

239 2778 259 2840 q
324 2858 404 2911 Item:
434 2858 469 2911 nd
497 2859 554 2912 An.
582 2856 637 2911 XII
664 2859 707 2926 23,
736 2860 752 2913 3
781 2859 833 2925 (cui
863 2861 913 2926 ut);
943 2859 1022 2913 Tuso.
1052 2841 1122 2930 disp.
1145 2859 1190 2913 ‘III
1222 2859 1255 2914 76

256 2949 310 3014 (cui
328 2949 403 3016 cum).

262 3102 312 3166 vIn
341 3103 595 3168 conformatione
631 3103 785 3168 orationis
821 3103 929 3185 a:(b:
945 3100 990 3185 A)
1025 3126 1084 3190 pro
1113 3105 1256 3169 seeundo

184 3211 352 3274 enuntiato
369 3210 513 3274 eiusdem
530 3210 653 3274 ordinis
671 3207 719 3290 (b)
736 3209 902 3275 ablativus
918 3210 1088 3275 absolutus
1110 3213 1254 3298 ponitur:

274 3318 328 3382 Br.
354 3316 436 3382 245:
461 3317 522 3382 Cui
543 3321 573 3380 si
594 3321 659 3382 nitu
683 3321 955 3403 suppeditavisset,
981 3319 1256 3403 subhumandum,

185 3425 294 3488 consui
307 3424 421 3507 faetus
445 3437 530 3488 esset.
1150 3421 1153 3425 ’

285 3686 534 3747 Accusativum.

277 3823 389 3888 Solum
413 3825 618 3887 enuntiatum
642 3822 817 3886 relativum
841 3824 875 3886 in
899 3824 1021 3908 protasi
1050 3825 1197 3909 ponitur:

274 3931 313 3995 Id
338 3954 435 4016 saepo
459 3931 600 3995 occurrit
624 3952 698 3993 oum
714 3952 892 4015 pronomen
914 3931 1088 3996 relatiuum
1111 3933 1258 3996 neutrius

187 4047 236 4102 est
260 4039 402 4121 generIs:

276 4145 317 4209 (16
345 4168 389 4209 or.
421 4144 473 4209 ΠΙ
505 4146 582 4209 123:
623 4147 710 4222 Quae
746 4148 897 4230 quoniam
931 4150 998 4209 iarn
1032 4146 1162 4211 aliunde
1196 4169 1259 4210 non
