2866 4762
606 283 815 346 ...25—

317 455 399 510 Item:
416 456 449 509 de
461 474 499 511 or.
510 455 594 509 11159
605 457 666 527 (qai,
678 474 734 510 enm
747 496 753 508 .
765 496 771 509 .
783 495 789 508 .
803 456 989 523 abundarent),·
1005 455 1034 507 in
1043 455 1119 508 Verr.
1129 454 1147 507 l.
1157 453 1184 506 Π
1195 454 1246 507 113

247 546 304 616 (qni
322 585 328 598 .
344 586 349 596 .
365 585 378 598 ..
390 563 446 598 carn
466 585 513 598 ...
534 548 657 615 raraque).

264 640 304 703 In
341 662 407 725 qua
445 639 549 703 forma
586 660 660 702 oum
701 637 838 703 alterum
875 638 1116 703 enuntiatorum
1157 634 1246 698 aliud

177 747 361 812 subieotum
394 745 505 830 habet,
541 746 643 810 oritur
671 746 845 829 singularis
873 745 1085 809 conformatio
1120 744 1153 807 in
1183 764 1248 828 qus

178 877 238 940 per
267 854 504 939 oppositionem
536 853 626 917 notio
655 854 854 937 pronominis
889 852 1019 917 relativi
1053 852 1249 936 exprimitur

177 961 432 1025 demonstrativo
446 959 516 1023 ille
529 961 562 1023 in
576 960 743 1023 enuntiato
756 959 963 1040 secunda-rim
980 959 1046 1023 tale
1059 957 1247 1042 exemplum

176 1070 238 1133 hos
261 1090 362 1131 unum
385 1068 585 1131 invenimus:

266 1176 320 1238 ΒΓ.
339 1174 419 1238 217:
450 1177 507 1258 qni
527 1177 562 1237 in
584 1176 704 1237 indicio
722 1177 850 1259 priuato
867 1175 915 1237 rel
930 1177 1080 1251 manime,
1107 1195 1177 1235 cnm
1192 1193 1247 1257 epo

173 1305 236 1368 pro
264 1285 385 1346 Titinia
408 1281 515 1346 Cottae
535 1285 778 1367 permansissem,
807 1283 862 1345 ille
889 1295 1000 1345 eontra
1022 1302 1070 1344 me
1088 1302 1152 1366 pro
1178 1278 1247 1343 Ser.

176 1390 299 1454 Naevio
335 1391 461 1469 diceret,
498 1388 600 1452 sabito
636 1401 731 1453 totam
766 1412 895 1452 cansam
930 1388 1045 1452 oblitas
1079 1398 1124 1451 est
1153 1389 1249 1471 idque

175 1499 330 1580 veneficiis
354 1509 383 1560 et
405 1496 603 1560 cantionibus
631 1496 771 1560 Titiniae
783 1497 912 1580 j’aotnm
936 1518 1000 1560 esse
1022 1495 1153 1558 dicebat.

267 1666 350 1731 Cum
363 1688 542 1751 pronomen
555 1665 730 1730 relativum
747 1666 789 1730 ad
806 1666 1098 1731 demonstrativum
1111 1686 1249 1750 sequens

178 1783 314 1859 spectet,
350 1783 430 1838 tuno
459 1775 665 1838 enuntiatum
700 1773 875 1838 relativum
904 1796 977 1838 eum
1003 1773 1171 1837 enuntiato
1200 1794 1249 1835 se·

178 1882 335 1946 eundsrio
362 1883 554 1966 interposito
578 1882 719 1966 priorem
743 1882 823 1945 facit
850 1891 978 1966 partem
1001 1881 1166 1962 orationis,
1197 1879 1250 1943 oui

178 2012 255 2075 pars
279 1990 440 2074 posterior
462 1989 647 2073 respondet,
685 2010 769 2074 quse
794 2012 813 2052 a
837 1989 1028 2074 pronomine
1051 1991 1080 2050 is
1104 1988 1250 2071 insipere

179 2096 280 2161 solet:

269 2204 366 2268 Taso.
385 2203 468 2288 disp.
494 2203 511 2266 I
535 2202 591 2267 86:
631 2203 705 2284 Qut,
741 2207 771 2268 si
803 2216 934 2268 mortem
964 2209 1029 2266 tam
1060 2201 1180 2285 obisset,
1215 2203 1250 2263 in

178 2312 384 2398 amplissimis
397 2312 547 2393 fortunis
571 2313 744 2392 occidisset,
768 2315 797 2375 is
815 2315 1050 2397 propapatione
1064 2313 1148 2373 vitae
1163 2321 1249 2394 quot,

178 2431 326 2504 quantas,
341 2440 437 2500 qaam
448 2418 648 2482 incredibiles
664 2419 770 2483 hausit
784 2420 997 2482 calamitates!
1032 2419 1084 2482 De
1097 2428 1163 2503 opt.
1176 2438 1249 2500 gen.

178 2549 223 2591 or.
242 2527 276 2591 8:
304 2525 378 2604 Qni,
404 2549 474 2589 anm
498 2539 627 2590 careant
649 2530 736 2590 omni
757 2529 845 2607 nitio,
869 2549 934 2589 non
949 2538 1023 2590 snat
1038 2527 1174 2589 contenti
1190 2571 1197 2586 .
1216 2571 1249 2586 ..

178 2636 326 2697 sectaires
344 2685 350 2696 .
367 2682 372 2696 .
390 2684 396 2696 .
411 2645 567 2717 quaerant
580 2684 586 2696 .
601 2683 608 2696 .
624 2683 630 2697 .
639 2682 647 2712 ,
666 2657 717 2697 eos
728 2637 902 2710 imitemnr‚·
922 2635 965 2698 in.
980 2633 1073 2697 Verr.
1088 2632 1108 2696 l.
1123 2632 1250 2696 11155:

181 2740 254 2819 Qut,
283 2743 313 2803 si
339 2752 367 2804 te
391 2739 520 2824 pscblice
548 2741 726 2821 laudarent,
756 2754 859 2804 tamen
887 2743 923 2805 id
949 2763 1035 2804 more
1058 2743 1168 2824 potins
1194 2760 1250 2802 sno

179 2870 277 2932 qaam
296 2850 406 2911 merito
424 2860 476 2911 tao
490 2849 597 2922 facere
612 2850 801 2931 riderentur,
827 2851 855 2912 ii
869 2872 938 2912 earn
955 2850 993 2911 de
1008 2852 1071 2912 tais
1078 2848 1182 2931 fartis
1198 2897 1204 2910 .
1220 2895 1226 2910 .
1243 2896 1250 2911 .

178 2966 424 3039 conquerantur,
449 2977 553 3018 nonne
575 2956 633 3019 loc
654 2958 810 3036 indicant,
835 2968 939 3020 tantas
957 3008 963 3019 .
983 3007 989 3020 .
1009 2957 1047 3018 ..9

272 3122 424 3207 Denique
448 3145 506 3209 pro
524 3124 692 3188 enuntiato
708 3125 902 3189 secundario
926 3147 1023 3211 saepe
1047 3125 1251 3188 enuntiatum

180 3230 267 3315 quod
297 3230 418 3294 dieitur
440 3231 646 3316 partieipiale
666 3242 857 3317 usurpatur:

270 3337 311 3402 de
335 3339 386 3402 off.
413 3339 448 3401 II
472 3340 530 3404 25:
558 3338 645 3418 Quid
668 3344 750 3403 enim
774 3363 1035 3404 censemus...
1057 3341 1253 3424 Dionysiam

180 3468 243 3531 qao
279 3450 422 3509 erneiatn
457 3450 580 3510 timoris
615 3451 694 3531 anpi
720 3448 858 3529 solitam,
896 3452 957 3533 qni
975 3451 1092 3513 cultros
1115 3462 1253 3512 metuens

180 3556 337 3618 tonsorios
362 3556 512 3619 candente
537 3555 671 3620 carbone
695 3557 758 3620 sibi
780 3557 935 3620 adurebat
962 3558 1134 3642 capillum?
1174 3556 1253 3634 (dici

180 3661 301 3747 potuit:
327 3663 398 3747 qui,
432 3684 506 3726 oum
531 3662 652 3727 cultros
675 3672 836 3727 metueret
861 3713 867 3726 .
895 3713 900 3727 .
929 3715 934 3727 .
962 3665 983 3741 .)

324 3763 416 3818 Itemt·
431 3764 464 3817 de
489 3765 544 3818 inv.
568 3765 595 3817 II
619 3766 682 3830 1543
708 3765 742 3819 de
766 3785 804 3820 or.
824 3766 851 3818 ΙΙ
875 3769 921 3831 16;
941 3766 1140 3836 1112213t0p.
1160 3766 1206 3829 39;
1226 3785 1253 3836 p.

253 3852 361 3907 Caeain.
380 3853 428 3918 603
447 3873 473 3924 p.
494 3854 599 3908 Cluent.
621 3855 688 3921 1373
708 3855 734 3906 in
748 3854 807 3909 cat.
828 3855 864 3907 IV
883 3857 912 3919 3;
933 3874 970 3909 or.
996 3874 1018 3909 o.
1037 3875 1101 3926 pop.
1131 3874 1169 3926 gr.
1199 3857 1255 3926 egit

252 3943 299 4008 11;
320 3942 353 3996 de
373 3942 445 3998 dom.
475 3943 539 4007 1193
568 3943 636 3996 Phil.
662 3944 702 3996 XI
727 3944 772 4008 13;
802 3944 836 3997 ad
864 3945 926 3998 fem
965 3945 1002 3997 VI
1030 3947 1055 4012 6,
1075 3945 1104 4010 6;
1133 3946 1167 3999 ad
1197 3948 1253 3999 An.

252 4030 317 4084 VIII
345 4033 379 4085 11
403 4032 447 4100 D„
471 4033 500 4095 4;
530 4031 565 4085 ad
586 4032 633 4086 Br.
657 4033 670 4084 I
693 4032 764 4100 4,2;
794 4034 828 4088 de
853 4035 900 4086 tin.
934 4033 973 4086 III
1002 4035 1030 4099 73
1054 4035 1077 4086 V
1109 4035 1156 4100 363
1175 4036 1253 4090 Tusa.

254 4121 324 4192 dIsp.
344 4122 369 4175 ll
389 4123 435 4187 13;
455 4123 501 4186 473
522 4123 555 4177 de
575 4130 630 4176 nst.
651 4123 724 4178 deor.
738 4123 764 4176 ΙΙ
778 4126 842 4190 115;
863 4126 896 4178 de
916 4125 970 4178 div.
991 4125 1002 4177 I
1022 4127 1069 4190 39;
1088 4125 1114 4177 II
1135 4126 1200 4183 121:
1221 4127 1254 4179 de
