2866 4762
605 244 817 308 -56-

266 420 360 500 Quae
386 445 459 486 oum
484 424 530 486 ita
553 424 627 501 sint,
646 423 833 487 mutationis
849 422 980 487 relativi
996 423 1124 486 ratione
1137 421 1254 485 habita

177 530 272 593 huius
296 532 398 614 partis
422 530 576 615 exempla
599 531 633 592 in
658 529 739 592 duas
763 543 871 615 partes
896 530 1081 614 disponam:

269 640 296 700 1.
334 636 426 701 Cum
462 659 669 721 pronomen
705 636 915 700 relativum
949 636 1093 701 nullam
1129 647 1254 701 muta·

177 746 322 809 tionem
348 744 479 808 habet.

266 853 296 914 2.
330 851 424 915 Cum
459 873 671 936 pronomen
708 850 929 915 relativum
958 852 1117 915 formam
1146 874 1254 914 suam

176 969 321 1038 mutat3
347 958 433 1043 quod
463 981 537 1022 oum
562 959 607 1041 fit,
633 981 811 1043 pronomen
837 958 1027 1022 relativum:

265 1089 294 1128 a.
320 1067 383 1130 Pro
408 1087 486 1128 casu
511 1065 649 1129 subiecti
674 1087 785 1129 oasum
810 1064 940 1148 obiecti,
966 1066 1077 1142 sumit3

266 1173 298 1237 b.
324 1173 387 1236 Pro
411 1194 489 1236 casu
514 1172 632 1236 obiecti
657 1174 756 1236 sumit
780 1171 919 1236 subiecti
943 1195 1069 1252 oasumt,

266 1303 293 1344 o.
319 1282 382 1344 Pro
407 1303 485 1344 oasu
513 1280 633 1344 obieoti
662 1280 821 1344 enuntiati
849 1281 993 1364 primarii
1018 1281 1115 1343 sumit
1139 1301 1251 1342 oasum

177 1389 297 1452 obiecti
322 1389 490 1451 enuntiati¹
504 1387 697 1451 secundarii.

258 1696 283 1754 Ι.
308 1696 492 1755 Pronomen
514 1695 690 1756 relativum
712 1711 824 1755 casum
846 1712 940 1755 suum
962 1711 1025 1755 non
1048 1699 1162 1754 mutat.

270 1833 343 1897 Hoo
378 1833 415 1896 fit
450 1855 523 1896 oum
559 1832 676 1910 notio¹)
716 1833 916 1917 pronominis
951 1832 1079 1917 relativi
1112 1831 1252 1895 eundem

177 1940 314 2025 praebet
338 1963 448 2004 casum
473 1941 506 2004 in
530 1955 668 2025 utroque
693 1941 874 2020 enuntiato3
899 1941 955 2025 qui
980 1961 1074 2003 oasus
1098 1950 1159 2002 est:

565 2240 592 2296 1.
616 2238 864 2299 Nominativus.

268 2374 433 2459 Exempla
455 2397 519 2438 non
545 2376 647 2439 solum
672 2377 768 2441 huius
796 2380 897 2462 partis
926 2377 982 2441 sed
1012 2379 1109 2442 totius
1134 2379 1252 2463 eapitis

178 2482 313 2546 seoundi
337 2484 382 2545 ita
406 2494 481 2545 sunt
511 2484 721 2567 conformata,
758 2498 794 2548 ut
825 2485 889 2548 duo
918 2487 1100 2568 enuntiata,
1137 2507 1252 2549 seeun-

178 2589 305 2653 darium
330 2601 362 2652 et
386 2590 586 2673 primarium,
620 2590 791 2675 periodum
820 2592 960 2676 quodem
988 2592 1083 2656 modo
1112 2593 1251 2674 faoiant3

178 2708 275 2782 atque
300 2698 444 2781 protasin
473 2697 600 2781 periodi
626 2699 707 2762 feeit
738 2721 866 2783 semper
896 2701 1099 2764 enuntiatum
1133 2722 1251 2764 seeun-

178 2804 314 2886 darium,
349 2804 505 2889 epodosin
536 2807 739 2869 enuntiatum
764 2807 964 2890 primarium,
1000 2806 1088 2892 quod
1122 2829 1252 2893 semper

179 2910 398 2997 subsequitur,
424 2912 531 2975 velut:

267 3018 307 3081 de
332 3041 376 3082 or.
401 3019 418 3081 I
445 3020 523 3083 112:
572 3022 658 3104 qaod
692 3024 757 3083 aiei
789 3023 893 3105 inepte
922 3023 1026 3104 fieret,
1074 3022 1149 3084 bene
1186 3045 1251 3086 noa

176 3131 277 3214 poerit
291 3129 382 3208 fieri]

267 3305 404 3368 Plurimi
428 3305 492 3368 loei
516 3307 548 3368 in
574 3320 710 3390 utroque
739 3307 906 3371 enuntiato
935 3308 1075 3372 eundem
1105 3309 1251 3372 nomina-

176 3415 282 3477 tivum
306 3435 417 3476 oasum
441 3413 636 3497 praebentes
653 3414 812 3478 exhibent
835 3416 988 3499 protasin,
1015 3439 1099 3501 quae
1123 3429 1250 3481 tantum

177 3544 219 3585 ex
244 3521 412 3584 enuntiato
436 3520 629 3584 secundario
653 3534 788 3605 constat,
813 3523 918 3587 velut:

266 3651 297 3712 p.
324 3627 455 3692 Caeein.
484 3629 563 3692 100:
606 3633 663 3713 qai
689 3634 718 3692 si
744 3634 778 3692 ia
807 3634 932 3694 civitate
957 3632 1034 3715 lepis
1057 3634 1122 3694 uim
1144 3632 1252 3694 subire

176 3736 300 3813 uellent,
326 3758 389 3798 aon
411 3739 503 3819 prins
528 3739 684 3800 civitatem
706 3760 801 3821 qainon
819 3740 916 3800 eitam
933 3741 1125 3813 amittereat5
1151 3739 1249 3802 Tuse.

269 3989 290 4055 ¹)
309 3988 421 4057 Proprie
440 3988 515 4042 notio
536 3987 623 4057 aliquo
644 3989 717 4042 nullo
732 3991 906 4059 grammatico
921 4010 1030 4045 munere
1053 3991 1128 4062 fungi
1146 4000 1251 4062 potest:

179 4076 226 4128 sed
247 4076 427 4146 simplicitatis
447 4086 473 4130 et
491 4079 692 4148 perspicuitatis
712 4098 793 4132 eausa
812 4081 892 4134 liceat
911 4081 949 4134 ita
969 4081 1066 4135 dicere.
1085 4116 1118 4123 —
