2866 4762
758 289 801 295 ,.
844 253 886 318 73
928 289 972 296 ..

421 432 454 495 in
479 432 626 496 formas
651 428 788 511 (b:A):

421 540 538 604 Parad.
564 550 603 604 st.
626 539 643 602 I
664 561 695 625 p.
713 539 748 604 8:
781 543 870 603 cuias
895 563 964 603 cnm
985 543 1134 625 patriam,
1152 543 1283 625 cepisset
1304 541 1402 604 testie

332 649 485 731 ceterique
507 650 554 710 ita
569 647 731 730 saperent,
757 659 792 710 at
813 648 914 710 malta
938 649 976 710 de
998 649 1065 710 sais
1079 647 1171 710 rebus
1188 660 1401 732 asportarent,

333 778 402 818 cam
434 768 512 819 esset
543 756 723 818 admonitas
763 778 785 817 a
818 756 957 839 qaedam
988 767 1024 818 eet
1054 757 1137 819 idem
1171 758 1240 840 epse
1263 755 1402 838 faceret,

332 863 428 946 „Epo
451 860 550 926 rer0“
573 865 688 947 inquit,
706 863 800 944 facio
826 864 897 948 (pro
921 863 988 947 qui,
1013 884 1087 926 eum
1111 863 1181 926 eius
1199 911 1206 925 .
1225 912 1232 927 .
1250 858 1283 943 ..)

423 1007 487 1070 Pro
511 1005 613 1070 verbo
637 1005 729 1069 finito
754 1014 786 1069 et
809 1004 971 1090 particula
995 1005 1217 1069 subiunctiva:

422 1113 651 1198 Partieipium:

414 1220 521 1284 ruso.
545 1220 627 1305 disp.
645 1221 677 1283 V
694 1220 751 1284 78:
778 1243 912 1304 quoram
934 1219 1073 1283 imbutae
1095 1232 1210 1284 mentes
1228 1223 1405 1305 pravitatis

334 1327 494 1391 erroribus
530 1330 673 1411 quamvis
709 1327 936 1409 carnuficinern
977 1330 1073 1412 prius
1120 1327 1274 1392 subierint
1308 1350 1405 1413 qaam

334 1434 412 1498 ibini
427 1447 483 1497 ant
499 1484 507 1499 .
525 1484 532 1497 .
549 1435 666 1498 violent
689 1444 721 1499 et
736 1456 766 1519 q.
785 1457 808 1498 s.
827 1434 899 1520 (pro
916 1436 981 1520 qui,
1006 1457 1081 1499 cum
1099 1457 1211 1500 eorum
1226 1444 1352 1500 mentes
1370 1486 1377 1500 .
1397 1485 1404 1500 .

335 1540 479 1604 imbutae
503 1537 643 1620 sint...)

477 1642 560 1696 Item:
580 1643 613 1697 de
632 1643 696 1714 imp.
716 1643 765 1698 Cn.
784 1643 880 1714 Pomp.
898 1645 917 1697 4
936 1647 1054 1714 (qaorum
1072 1646 1139 1698 alter
1157 1645 1279 1713 relictas).

426 1736 602 1802 Ablativus
626 1737 809 1802 absolutus:

425 1866 456 1929 p.
482 1843 611 1910 Cluent.
643 1845 723 1909 125:
772 1849 860 1908 caius
895 1849 1049 1909 ministris
1085 1849 1280 1931 consciisque
1318 1849 1406 1910 darre·

334 1955 429 2034 netis,
455 1957 522 2036 ipse
546 1955 701 2016 adductas
727 1956 762 2015 ia
785 1954 939 2015 indiciam
962 1957 1130 2038 pecaniam
1156 1955 1260 2017 iudici
1286 1955 1407 2018 dederit

337 2068 369 2122 et
392 2080 422 2144 q.
448 2082 472 2123 e.
503 2057 575 2145 (pro
600 2061 666 2144 qui,
696 2082 771 2123 cum
795 2061 865 2124 eius
888 2061 1027 2125 ministri
1051 2060 1196 2125 damnati
1221 2070 1329 2125 essent
1347 2109 1353 2125 .
1372 2057 1404 2140 .).

426 2256 466 2320 In
490 2257 625 2342 apodosi
649 2280 708 2343 pro
732 2258 900 2322 enuntiato
924 2258 1078 2343 primario
1094 2258 1305 2342 interrogatio
1326 2256 1408 2322 obli·

339 2385 404 2448 qua
428 2373 460 2427 et
484 2363 604 2428 locutio
629 2387 648 2428 a
672 2388 736 2450 qua
760 2364 817 2428 illa
840 2365 977 2450 pendet:

427 2470 468 2534 de
497 2471 564 2535 div.
594 2471 628 2535 ΙΙ
660 2473 737 2536 150:
777 2471 918 2550 Quorum
954 2474 1097 2535 licentiae
1131 2475 1197 2535 aiei
1230 2470 1407 2536 Carneades

337 2580 509 2657 restitisset,
546 2578 633 2642 dead
655 2582 719 2643 scio
744 2604 787 2642 aa
810 2582 871 2642 soli
895 2583 961 2643 iem
979 2579 1168 2665 philosophi
1187 2581 1408 2643 indicarentur

338 2683 410 2769 (pro
434 2685 500 2770 qui,
525 2687 587 2749 nisi
611 2708 720 2750 eorum
739 2687 915 2751 licentiae.
934 2737 941 2750 .
961 2737 978 2769 .‚
1004 2686 1090 2752 haud
1116 2687 1183 2750 seio
1207 2709 1248 2750 an
1270 2685 1332 2751 soli
1349 2737 1356 2751 .
1375 2686 1406 2764 .).

793 2942 958 3004 Dativum.

428 3079 466 3142 In
492 3081 613 3165 protasi
637 3056 740 3144 solnm
765 3081 969 3144 enuntiatum
993 3080 1181 3144 relativum:

429 3209 459 3271 p.
485 3185 589 3250 Plana
613 3187 670 3251 65:
710 3190 764 3250 cai
786 3211 855 3249 cam
878 3189 1109 3272 respondissem
1132 3211 1180 3251 ree
1203 3191 1409 3273 eprovincia

339 3295 493 3372 decedere,
513 3294 642 3375 „Etiam
654 3318 702 3358 rne
714 3295 854 3357 dercele“
870 3297 984 3379 inquit,
1001 3309 1056 3376 „ut
1072 3299 1195 3380 opinor,
1209 3319 1247 3358 ca
1259 3293 1408 3378 Africa“;

339 3401 419 3466 ibid.
438 3401 495 3466 97:
521 3404 575 3464 cei
597 3425 667 3464 cure
684 3405 907 3482 omnicreans,
922 3402 1100 3487 peeble'cctio
1118 3453 1125 3466 .
1144 3453 1150 3466 .
1166 3403 1407 3488 proponeretur,

339 3509 415 3571 daec
441 3512 566 3594 perpeti
590 3559 596 3570 .
622 3559 629 3571 .
653 3560 659 3572 .
685 3509 798 3571 maleit
822 3531 917 3593 quam
941 3512 1116 3572 castodiens
1139 3512 1201 3572 mei
1223 3512 1338 3595 capitis
1362 3511 1409 3573 di·

339 3619 478 3696 mittere3
504 3616 545 3680 de
561 3616 613 3679 off.
631 3615 684 3679 III
700 3614 787 3693 94¹):
814 3620 866 3677 cei
888 3640 957 3677 carre
973 3628 1034 3678 tres
1051 3619 1225 3701 optationes
1241 3616 1410 3702 Neptunus

432 3835 451 3900 ¹)
470 3833 513 3887 De
533 3832 584 3887 hoc
603 3834 663 3887 loco
683 3834 834 3887 accuratius
853 3833 1010 3886 dicendum:

430 3922 461 3974 In
475 3923 548 3976 tertii
566 3923 599 3976 de
619 3923 663 3976 off.
682 3923 699 3976 l.
718 3928 732 3986 ς
746 3924 781 3977 94
794 3921 859 3976 haee
873 3922 938 3975 dicit
952 3922 1045 3978 Cicero
1060 3923 1093 3976 de
1106 3925 1245 3994 promissis
1258 3925 1410 3979 servandis:

342 4010 399 4074 „Ac
428 4013 522 4063 ncilla
545 4012 643 4080 pridem
667 4013 791 4080 praeiisse
814 4013 941 4063 servareris
965 4021 1030 4077 sarit,
1059 4031 1124 4083 perae
1148 4030 1197 4064 non
1221 4022 1279 4066 sant
1299 4014 1331 4066 iis
1349 4015 1411 4085 ipsis

341 4100 423 4165 utilia,
443 4102 531 4170 quiden·
549 4103 593 4154 illa
604 4102 759 4170 prcrniseris.
800 4100 847 4154 Sol
866 4101 1024 4168 Phaetlraati,
1051 4111 1078 4155 et
1094 4104 1226 4155 redemeras
1245 4104 1282 4156 ad
1298 4103 1411 4166 fabulas.
