<?xml version="1.0" encoding="UTF-8"?>
<!DOCTYPE html PUBLIC "-//W3C//DTD XHTML 1.0 Transitional//EN"
    "http://www.w3.org/TR/xhtml1/DTD/xhtml1-transitional.dtd">
<html xmlns="http://www.w3.org/1999/xhtml" xml:lang="en" lang="en">
 <head>
  <title>
</title>
<meta http-equiv="Content-Type" content="text/html;charset=utf-8" />
  <meta name='ocr-system' content='tesseract 3.04.00' />
  <meta name='ocr-capabilities' content='ocr_page ocr_carea ocr_par ocr_line ocrx_word'/>
</head>
<body>
  <div class='ocr_page' id='page_1' title='image "./decomprehension00mihagoog_0167.png"; bbox 0 0 2866 4762; ppageno 0'>
   <div class='ocr_carea' id='block_1_1' title="bbox 609 276 838 340">
    <p class='ocr_par' dir='ltr' id='par_1_1' title="bbox 609 276 838 340">
     <span class='ocr_line' id='line_1_1' title="bbox 609 276 838 340; baseline 0 0"><span class='ocrx_word' id='word_1_1' title='bbox 609 276 838 340; x_wconf 80' lang='lat'>-162—</span> 
     </span>
    </p>
   </div>
   <div class='ocr_carea' id='block_1_2' title="bbox 182 448 1259 1319">
    <p class='ocr_par' dir='ltr' id='par_1_2' title="bbox 274 448 586 517">
     <span class='ocr_line' id='line_1_2' title="bbox 274 448 586 517; baseline -0.006 -15"><span class='ocrx_word' id='word_1_2' title='bbox 274 448 315 502; x_wconf 84' lang='lat' dir='ltr'>Ex</span> <span class='ocrx_word' id='word_1_3' title='bbox 334 448 421 502; x_wconf 86' lang='lat' dir='ltr'>forma</span> <span class='ocrx_word' id='word_1_4' title='bbox 440 467 456 500; x_wconf 89' lang='lat' dir='ltr'>a</span> <span class='ocrx_word' id='word_1_5' title='bbox 475 449 586 517; x_wconf 74' lang='lat' dir='ltr'>(l):A):</span> 
     </span>
    </p>

    <p class='ocr_par' dir='ltr' id='par_1_3' title="bbox 184 536 1259 697">
     <span class='ocr_line' id='line_1_3' title="bbox 273 536 1259 607; baseline 0.001 -18"><span class='ocrx_word' id='word_1_6' title='bbox 273 557 300 607; x_wconf 94' lang='lat' dir='ltr'>p.</span> <span class='ocrx_word' id='word_1_7' title='bbox 314 536 421 602; x_wconf 80' lang='lat' dir='ltr'>Quinct.</span> <span class='ocrx_word' id='word_1_8' title='bbox 434 537 464 590; x_wconf 81' lang='lat'>4:</span> <span class='ocrx_word' id='word_1_9' title='bbox 494 556 557 606; x_wconf 82' lang='lat' dir='ltr'>qaae</span> <span class='ocrx_word' id='word_1_10' title='bbox 577 545 673 607; x_wconf 82' lang='lat' dir='ltr'>quanto</span> <span class='ocrx_word' id='word_1_11' title='bbox 692 539 733 604; x_wconf 83' lang='lat' dir='ltr'>sit,</span> <span class='ocrx_word' id='word_1_12' title='bbox 758 539 807 590; x_wconf 27' lang='lat' dir='ltr'>arisi</span> <span class='ocrx_word' id='word_1_13' title='bbox 825 545 921 607; x_wconf 74' lang='lat' dir='ltr'>teinpus</span> <span class='ocrx_word' id='word_1_14' title='bbox 941 543 964 589; x_wconf 86' lang='lat' dir='ltr'>et</span> <span class='ocrx_word' id='word_1_15' title='bbox 982 537 1090 606; x_wconf 79' lang='lat' dir='ltr'>spatium</span> <span class='ocrx_word' id='word_1_16' title='bbox 1111 538 1200 589; x_wconf 79' lang='lat' dir='ltr'>(lotum</span> <span class='ocrx_word' id='word_1_17' title='bbox 1218 539 1259 604; x_wconf 78' lang='lat' dir='ltr'>sit,</span> 
     </span>
     <span class='ocr_line' id='line_1_4' title="bbox 184 627 470 697; baseline 0.003 -20"><span class='ocrx_word' id='word_1_18' title='bbox 184 627 296 697; x_wconf 76' lang='lat' dir='ltr'>iutellepi</span> <span class='ocrx_word' id='word_1_19' title='bbox 313 644 362 678; x_wconf 69' lang='lat' dir='ltr'>nori</span> <span class='ocrx_word' id='word_1_20' title='bbox 378 633 470 696; x_wconf 85' lang='lat' dir='ltr'>potest.</span> 
     </span>
    </p>

    <p class='ocr_par' dir='ltr' id='par_1_4' title="bbox 274 715 699 782">
     <span class='ocr_line' id='line_1_5' title="bbox 274 715 699 782; baseline 0 -14"><span class='ocrx_word' id='word_1_21' title='bbox 274 716 379 768; x_wconf 79' lang='lat' dir='ltr'>exsistit</span> <span class='ocrx_word' id='word_1_22' title='bbox 397 715 495 769; x_wconf 84' lang='lat' dir='ltr'>forma:</span> <span class='ocrx_word' id='word_1_23' title='bbox 516 715 532 768; x_wconf 96' lang='lat' dir='ltr'>b</span> <span class='ocrx_word' id='word_1_24' title='bbox 553 715 590 782; x_wconf 89' lang='lat' dir='ltr'>(a)</span> <span class='ocrx_word' id='word_1_25' title='bbox 609 715 626 768; x_wconf 93' lang='lat' dir='ltr'>b</span> <span class='ocrx_word' id='word_1_26' title='bbox 642 733 649 768; x_wconf 73' lang='grc' dir='ltr'><em>τ</em></span> <span class='ocrx_word' id='word_1_27' title='bbox 663 717 699 768; x_wconf 81' lang='lat' dir='ltr'>A:</span> 
     </span>
    </p>

    <p class='ocr_par' dir='ltr' id='par_1_5' title="bbox 182 803 1259 963">
     <span class='ocr_line' id='line_1_6' title="bbox 272 803 1259 875; baseline 0.001 -19"><span class='ocrx_word' id='word_1_28' title='bbox 272 812 341 873; x_wconf 84' lang='lat' dir='ltr'>pert.</span> <span class='ocrx_word' id='word_1_29' title='bbox 357 822 395 858; x_wconf 93' lang='lat' dir='ltr'>or.</span> <span class='ocrx_word' id='word_1_30' title='bbox 408 803 455 875; x_wconf 74' lang='lat'>423</span> <span class='ocrx_word' id='word_1_31' title='bbox 486 822 558 873; x_wconf 79' lang='lat' dir='ltr'>quae,</span> <span class='ocrx_word' id='word_1_32' title='bbox 578 823 634 855; x_wconf 73' lang='lat' dir='ltr'>crim</span> <span class='ocrx_word' id='word_1_33' title='bbox 653 812 676 857; x_wconf 84' lang='lat' dir='ltr'>et</span> <span class='ocrx_word' id='word_1_34' title='bbox 690 804 793 872; x_wconf 79' lang='lat' dir='ltr'>factam</span> <span class='ocrx_word' id='word_1_35' title='bbox 813 811 910 856; x_wconf 81' lang='lat' dir='ltr'>coastat</span> <span class='ocrx_word' id='word_1_36' title='bbox 933 811 957 856; x_wconf 84' lang='lat' dir='ltr'>et</span> <span class='ocrx_word' id='word_1_37' title='bbox 980 821 1077 870; x_wconf 71' lang='lat' dir='ltr'>rotrico,</span> <span class='ocrx_word' id='word_1_38' title='bbox 1100 805 1190 873; x_wconf 83' lang='lat' dir='ltr'>qualia</span> <span class='ocrx_word' id='word_1_39' title='bbox 1208 806 1259 858; x_wconf 73' lang='lat' dir='ltr'>sirit</span> 
     </span>
     <span class='ocr_line' id='line_1_7' title="bbox 182 892 1054 963; baseline -0.001 -18"><span class='ocrx_word' id='word_1_40' title='bbox 182 901 289 945; x_wconf 77' lang='lat' dir='ltr'>voratur</span> <span class='ocrx_word' id='word_1_41' title='bbox 308 895 333 945; x_wconf 85' lang='lat' dir='ltr'>ia</span> <span class='ocrx_word' id='word_1_42' title='bbox 353 893 455 945; x_wconf 83' lang='lat' dir='ltr'>dubium</span> <span class='ocrx_word' id='word_1_43' title='bbox 475 893 614 963; x_wconf 84' lang='lat' dir='ltr'>(interrog.</span> <span class='ocrx_word' id='word_1_44' title='bbox 628 899 670 946; x_wconf 85' lang='lat' dir='ltr'>est</span> <span class='ocrx_word' id='word_1_45' title='bbox 683 893 794 946; x_wconf 86' lang='lat' dir='ltr'>subiect.</span> <span class='ocrx_word' id='word_1_46' title='bbox 809 899 901 946; x_wconf 89' lang='lat' dir='ltr'>enunt.</span> <span class='ocrx_word' id='word_1_47' title='bbox 914 892 1054 963; x_wconf 83' lang='lat' dir='ltr'>primarii).</span> 
     </span>
    </p>

    <p class='ocr_par' dir='ltr' id='par_1_6' title="bbox 274 981 577 1037">
     <span class='ocr_line' id='line_1_8' title="bbox 274 981 577 1037; baseline -0.003 -2"><span class='ocrx_word' id='word_1_48' title='bbox 274 991 320 1036; x_wconf 92' lang='lat' dir='ltr'>aut</span> <span class='ocrx_word' id='word_1_49' title='bbox 339 983 414 1036; x_wconf 91' lang='lat' dir='ltr'>utin</span> <span class='ocrx_word' id='word_1_50' title='bbox 433 981 485 1037; x_wconf 91' lang='lat' dir='ltr'>hoc</span> <span class='ocrx_word' id='word_1_51' title='bbox 504 983 577 1037; x_wconf 94' lang='lat' dir='ltr'>loco:</span> 
     </span>
    </p>

    <p class='ocr_par' dir='ltr' id='par_1_7' title="bbox 183 1071 1258 1319">
     <span class='ocr_line' id='line_1_9' title="bbox 273 1071 1258 1146; baseline -0.001 -22"><span class='ocrx_word' id='word_1_52' title='bbox 273 1072 364 1125; x_wconf 89' lang='lat' dir='ltr'>defin.</span> <span class='ocrx_word' id='word_1_53' title='bbox 379 1071 406 1124; x_wconf 92' lang='grc' dir='ltr'>Π</span> <span class='ocrx_word' id='word_1_54' title='bbox 421 1072 485 1124; x_wconf 78' lang='lat'>117:</span> <span class='ocrx_word' id='word_1_55' title='bbox 513 1091 585 1141; x_wconf 76' lang='lat' dir='ltr'>quae,</span> <span class='ocrx_word' id='word_1_56' title='bbox 609 1073 660 1123; x_wconf 75' lang='lat' dir='ltr'>uisi</span> <span class='ocrx_word' id='word_1_57' title='bbox 680 1072 797 1123; x_wconf 78' lang='lat' dir='ltr'>honestas</span> <span class='ocrx_word' id='word_1_58' title='bbox 820 1079 915 1123; x_wconf 69' lang='lat' dir='ltr'>nutrire</span> <span class='ocrx_word' id='word_1_59' title='bbox 929 1073 1071 1142; x_wconf 75' lang='lat' dir='ltr'>plurimun</span> <span class='ocrx_word' id='word_1_60' title='bbox 1088 1072 1183 1140; x_wconf 80' lang='lat' dir='ltr'>valeat,</span> <span class='ocrx_word' id='word_1_61' title='bbox 1212 1089 1258 1146; x_wconf 78' lang='lat' dir='ltr'>cur</span> 
     </span>
     <span class='ocr_line' id='line_1_10' title="bbox 183 1159 1258 1231; baseline 0.001 -19"><span class='ocrx_word' id='word_1_62' title='bbox 183 1179 231 1212; x_wconf 62' lang='lat' dir='ltr'>reoli</span> <span class='ocrx_word' id='word_1_63' title='bbox 252 1162 349 1213; x_wconf 80' lang='lat' dir='ltr'>cadant</span> <span class='ocrx_word' id='word_1_64' title='bbox 367 1162 392 1212; x_wconf 83' lang='lat' dir='ltr'>in</span> <span class='ocrx_word' id='word_1_65' title='bbox 412 1162 550 1231; x_wconf 74' lang='lat' dir='ltr'><em>sapientem</em></span> <span class='ocrx_word' id='word_1_66' title='bbox 568 1177 617 1212; x_wconf 72' lang='lat' dir='ltr'>aori</span> <span class='ocrx_word' id='word_1_67' title='bbox 637 1167 673 1213; x_wconf 81' lang='lat' dir='ltr'>est</span> <span class='ocrx_word' id='word_1_68' title='bbox 692 1160 797 1231; x_wconf 81' lang='lat' dir='ltr'>difficile</span> <span class='ocrx_word' id='word_1_69' title='bbox 816 1159 953 1227; x_wconf 75' lang='lat' dir='ltr'><em>defendere</em></span> <span class='ocrx_word' id='word_1_70' title='bbox 972 1159 1111 1231; x_wconf 79' lang='lat' dir='ltr'><strong>(interrog.</strong></span> <span class='ocrx_word' id='word_1_71' title='bbox 1139 1160 1193 1214; x_wconf 93' lang='lat' dir='ltr'>obl.</span> <span class='ocrx_word' id='word_1_72' title='bbox 1216 1167 1258 1213; x_wconf 86' lang='lat' dir='ltr'>est</span> 
     </span>
     <span class='ocr_line' id='line_1_11' title="bbox 184 1249 494 1319; baseline -0.003 -16"><span class='ocrx_word' id='word_1_73' title='bbox 184 1249 228 1303; x_wconf 92' lang='lat' dir='ltr'>ob.</span> <span class='ocrx_word' id='word_1_74' title='bbox 248 1256 339 1303; x_wconf 88' lang='lat' dir='ltr'>enunt.</span> <span class='ocrx_word' id='word_1_75' title='bbox 354 1249 494 1319; x_wconf 88' lang='lat' dir='ltr'>primarii).</span> 
     </span>
    </p>
   </div>
   <div class='ocr_carea' id='block_1_3' title="bbox 181 1448 1256 1856">
    <p class='ocr_par' dir='ltr' id='par_1_8' title="bbox 181 1448 1256 1856">
     <span class='ocr_line' id='line_1_12' title="bbox 274 1448 1256 1536; baseline -0.002 -22"><span class='ocrx_word' id='word_1_76' title='bbox 274 1450 381 1530; x_wconf 80' lang='lat' dir='ltr'>Quam</span> <span class='ocrx_word' id='word_1_77' title='bbox 410 1451 598 1536; x_wconf 86' lang='lat' dir='ltr'>frequenter</span> <span class='ocrx_word' id='word_1_78' title='bbox 626 1450 833 1535; x_wconf 84' lang='lat' dir='ltr'><strong>usurpaverit</strong></span> <span class='ocrx_word' id='word_1_79' title='bbox 857 1448 972 1514; x_wconf 80' lang='lat' dir='ltr'>Oicero</span> <span class='ocrx_word' id='word_1_80' title='bbox 996 1457 1181 1513; x_wconf 77' lang='lat' dir='ltr'>structurae</span> <span class='ocrx_word' id='word_1_81' title='bbox 1205 1449 1256 1512; x_wconf 86' lang='grc' dir='ltr'>ΙΙΙ</span> 
     </span>
     <span class='ocr_line' id='line_1_13' title="bbox 181 1556 1255 1642; baseline -0.001 -22"><span class='ocrx_word' id='word_1_82' title='bbox 181 1558 325 1621; x_wconf 82' lang='lat' dir='ltr'>maxime</span> <span class='ocrx_word' id='word_1_83' title='bbox 349 1558 456 1622; x_wconf 84' lang='lat' dir='ltr'>varias</span> <span class='ocrx_word' id='word_1_84' title='bbox 480 1557 752 1621; x_wconf 83' lang='lat' dir='ltr'>conformationes</span> <span class='ocrx_word' id='word_1_85' title='bbox 780 1557 813 1619; x_wconf 93' lang='lat' dir='ltr'>in</span> <span class='ocrx_word' id='word_1_86' title='bbox 845 1578 1039 1642; x_wconf 89' lang='lat' dir='ltr'>unoquoque</span> <span class='ocrx_word' id='word_1_87' title='bbox 1061 1556 1255 1640; x_wconf 91' lang='lat' dir='ltr'>scriptorum</span> 
     </span>
     <span class='ocr_line' id='line_1_14' title="bbox 182 1663 1253 1749; baseline -0.002 -21"><span class='ocrx_word' id='word_1_88' title='bbox 182 1686 311 1729; x_wconf 91' lang='lat' dir='ltr'>suorum</span> <span class='ocrx_word' id='word_1_89' title='bbox 335 1687 466 1748; x_wconf 80' lang='lat' dir='ltr'>genere,</span> <span class='ocrx_word' id='word_1_90' title='bbox 495 1664 592 1728; x_wconf 86' lang='lat' dir='ltr'>facile</span> <span class='ocrx_word' id='word_1_91' title='bbox 616 1665 723 1728; x_wconf 92' lang='lat' dir='ltr'>videri</span> <span class='ocrx_word' id='word_1_92' title='bbox 746 1673 852 1748; x_wconf 91' lang='lat' dir='ltr'>potest</span> <span class='ocrx_word' id='word_1_93' title='bbox 876 1687 918 1728; x_wconf 86' lang='lat' dir='ltr'>ex</span> <span class='ocrx_word' id='word_1_94' title='bbox 942 1664 1092 1749; x_wconf 87' lang='lat' dir='ltr'>sequenti</span> <span class='ocrx_word' id='word_1_95' title='bbox 1115 1663 1253 1728; x_wconf 91' lang='lat' dir='ltr'>tabella:</span> 
     </span>
     <span class='ocr_line' id='line_1_15' title="bbox 184 1771 960 1856; baseline -0.001 -21"><span class='ocrx_word' id='word_1_96' title='bbox 184 1772 286 1849; x_wconf 84' lang='lat' dir='ltr'>(vide</span> <span class='ocrx_word' id='word_1_97' title='bbox 310 1772 407 1836; x_wconf 87' lang='lat' dir='ltr'>hanc</span> <span class='ocrx_word' id='word_1_98' title='bbox 431 1771 618 1836; x_wconf 91' lang='lat' dir='ltr'>tabellam</span> <span class='ocrx_word' id='word_1_99' title='bbox 642 1774 679 1835; x_wconf 92' lang='lat' dir='ltr'>in</span> <span class='ocrx_word' id='word_1_100' title='bbox 704 1772 784 1836; x_wconf 85' lang='lat' dir='ltr'>fine</span> <span class='ocrx_word' id='word_1_101' title='bbox 808 1773 960 1856; x_wconf 90' lang='lat' dir='ltr'>operis).</span> 
     </span>
    </p>
   </div>
   <div class='ocr_carea' id='block_1_4' title="bbox 640 2237 794 2298">
    <p class='ocr_par' dir='ltr' id='par_1_9' title="bbox 640 2237 794 2298">
     <span class='ocr_line' id='line_1_16' title="bbox 640 2237 794 2298; baseline -0.006 -1"><span class='ocrx_word' id='word_1_102' title='bbox 640 2237 728 2298; x_wconf 89' lang='lat' dir='ltr'>Pars</span> <span class='ocrx_word' id='word_1_103' title='bbox 751 2237 794 2297; x_wconf 94' lang='grc' dir='ltr'>ΙΙ.</span> 
     </span>
    </p>
   </div>
   <div class='ocr_carea' id='block_1_5' title="bbox 180 2374 1255 2654">
    <p class='ocr_par' dir='ltr' id='par_1_10' title="bbox 180 2374 1255 2654">
     <span class='ocr_line' id='line_1_17' title="bbox 272 2374 1255 2459; baseline -0.001 -19"><span class='ocrx_word' id='word_1_104' title='bbox 272 2376 382 2440; x_wconf 89' lang='lat' dir='ltr'>Variis</span> <span class='ocrx_word' id='word_1_105' title='bbox 396 2377 493 2439; x_wconf 91' lang='lat' dir='ltr'>trium</span> <span class='ocrx_word' id='word_1_106' title='bbox 510 2377 788 2439; x_wconf 77' lang='lat' dir='ltr'>constructionum</span> <span class='ocrx_word' id='word_1_107' title='bbox 801 2375 912 2438; x_wconf 85' lang='lat' dir='ltr'>formis</span> <span class='ocrx_word' id='word_1_108' title='bbox 924 2374 1139 2459; x_wconf 79' lang='lat' dir='ltr'>perlustratis,</span> <span class='ocrx_word' id='word_1_109' title='bbox 1153 2384 1255 2439; x_wconf 91' lang='lat' dir='ltr'>restat</span> 
     </span>
     <span class='ocr_line' id='line_1_18' title="bbox 181 2480 1254 2568; baseline -0.002 -21"><span class='ocrx_word' id='word_1_110' title='bbox 181 2493 217 2547; x_wconf 91' lang='lat' dir='ltr'>ut</span> <span class='ocrx_word' id='word_1_111' title='bbox 241 2483 456 2568; x_wconf 85' lang='lat' dir='ltr'>explanemus</span> <span class='ocrx_word' id='word_1_112' title='bbox 484 2504 568 2566; x_wconf 92' lang='lat' dir='ltr'>quae</span> <span class='ocrx_word' id='word_1_113' title='bbox 599 2483 685 2545; x_wconf 87' lang='lat' dir='ltr'>inter</span> <span class='ocrx_word' id='word_1_114' title='bbox 709 2505 763 2545; x_wconf 89' lang='lat' dir='ltr'>eas</span> <span class='ocrx_word' id='word_1_115' title='bbox 792 2480 975 2546; x_wconf 90' lang='lat' dir='ltr'>intercedat</span> <span class='ocrx_word' id='word_1_116' title='bbox 1001 2483 1084 2545; x_wconf 90' lang='lat' dir='ltr'>ratio</span> <span class='ocrx_word' id='word_1_117' title='bbox 1114 2490 1146 2546; x_wconf 90' lang='lat' dir='ltr'>et</span> <span class='ocrx_word' id='word_1_118' title='bbox 1176 2504 1254 2568; x_wconf 93' lang='lat' dir='ltr'>quo-</span> 
     </span>
     <span class='ocr_line' id='line_1_19' title="bbox 180 2589 1254 2654; baseline 0 0"><span class='ocrx_word' id='word_1_119' title='bbox 180 2590 276 2654; x_wconf 85' lang='lat' dir='ltr'>modo</span> <span class='ocrx_word' id='word_1_120' title='bbox 305 2600 395 2654; x_wconf 91' lang='lat' dir='ltr'>ortae</span> <span class='ocrx_word' id='word_1_121' title='bbox 425 2591 500 2653; x_wconf 87' lang='lat' dir='ltr'>sint.</span> <span class='ocrx_word' id='word_1_122' title='bbox 532 2624 569 2632; x_wconf 94' lang='lat'>—</span> <span class='ocrx_word' id='word_1_123' title='bbox 601 2589 666 2654; x_wconf 86' lang='lat' dir='ltr'>Sed</span> <span class='ocrx_word' id='word_1_124' title='bbox 695 2612 768 2653; x_wconf 89' lang='lat' dir='ltr'>cum</span> <span class='ocrx_word' id='word_1_125' title='bbox 798 2590 839 2653; x_wconf 93' lang='lat' dir='ltr'>de</span> <span class='ocrx_word' id='word_1_126' title='bbox 867 2589 981 2653; x_wconf 90' lang='lat' dir='ltr'>eadem</span> <span class='ocrx_word' id='word_1_127' title='bbox 1008 2612 1044 2653; x_wconf 91' lang='lat' dir='ltr'>re</span> <span class='ocrx_word' id='word_1_128' title='bbox 1073 2590 1136 2653; x_wconf 83' lang='lat' dir='ltr'>viri</span> <span class='ocrx_word' id='word_1_129' title='bbox 1165 2590 1254 2654; x_wconf 91' lang='lat' dir='ltr'>docti</span> 
     </span>
    </p>
   </div>
   <div class='ocr_carea' id='block_1_6' title="bbox 125 2697 1253 3961">
    <p class='ocr_par' dir='ltr' id='par_1_11' title="bbox 179 2697 1253 2976">
     <span class='ocr_line' id='line_1_20' title="bbox 181 2697 1252 2784; baseline 0 -23"><span class='ocrx_word' id='word_1_130' title='bbox 181 2697 342 2784; x_wconf 90' lang='lat' dir='ltr'>quaedam</span> <span class='ocrx_word' id='word_1_131' title='bbox 368 2718 471 2782; x_wconf 92' lang='lat' dir='ltr'>eaque</span> <span class='ocrx_word' id='word_1_132' title='bbox 495 2698 528 2759; x_wconf 92' lang='lat' dir='ltr'>in</span> <span class='ocrx_word' id='word_1_133' title='bbox 546 2697 693 2760; x_wconf 86' lang='lat' dir='ltr'>diversas</span> <span class='ocrx_word' id='word_1_134' title='bbox 716 2705 826 2782; x_wconf 87' lang='lat' dir='ltr'>partes</span> <span class='ocrx_word' id='word_1_135' title='bbox 843 2697 1050 2781; x_wconf 81' lang='lat' dir='ltr'>disputarint,</span> <span class='ocrx_word' id='word_1_136' title='bbox 1075 2706 1252 2783; x_wconf 88' lang='lat' dir='ltr'>antequam</span> 
     </span>
     <span class='ocr_line' id='line_1_21' title="bbox 179 2804 1253 2889; baseline 0 -21"><span class='ocrx_word' id='word_1_137' title='bbox 179 2813 323 2869; x_wconf 89' lang='lat' dir='ltr'>nostram</span> <span class='ocrx_word' id='word_1_138' title='bbox 351 2804 535 2889; x_wconf 91' lang='lat' dir='ltr'>opinionem</span> <span class='ocrx_word' id='word_1_139' title='bbox 560 2804 743 2887; x_wconf 86' lang='lat' dir='ltr'>afferamus,</span> <span class='ocrx_word' id='word_1_140' title='bbox 773 2805 992 2868; x_wconf 89' lang='lat' dir='ltr'>necessarium</span> <span class='ocrx_word' id='word_1_141' title='bbox 1021 2826 1060 2867; x_wconf 89' lang='lat' dir='ltr'>ea</span> <span class='ocrx_word' id='word_1_142' title='bbox 1088 2827 1253 2889; x_wconf 86' lang='lat' dir='ltr'>exponere</span> 
     </span>
     <span class='ocr_line' id='line_1_22' title="bbox 180 2910 700 2976; baseline -0.006 0"><span class='ocrx_word' id='word_1_143' title='bbox 180 2922 213 2976; x_wconf 96' lang='lat' dir='ltr'>et</span> <span class='ocrx_word' id='word_1_144' title='bbox 236 2911 417 2976; x_wconf 89' lang='lat' dir='ltr'>diiudicare</span> <span class='ocrx_word' id='word_1_145' title='bbox 441 2910 535 2975; x_wconf 90' lang='lat' dir='ltr'>nobis</span> <span class='ocrx_word' id='word_1_146' title='bbox 559 2911 700 2974; x_wconf 88' lang='lat' dir='ltr'>videtur.</span> 
     </span>
    </p>

    <p class='ocr_par' dir='ltr' id='par_1_12' title="bbox 125 3017 1251 3533">
     <span class='ocr_line' id='line_1_23' title="bbox 275 3017 1251 3101; baseline -0.002 -19"><span class='ocrx_word' id='word_1_147' title='bbox 275 3018 363 3099; x_wconf 80' lang='lat' dir='ltr'>Quid</span> <span class='ocrx_word' id='word_1_148' title='bbox 397 3019 460 3082; x_wconf 84' lang='lat' dir='ltr'>viri</span> <span class='ocrx_word' id='word_1_149' title='bbox 493 3018 582 3082; x_wconf 91' lang='lat' dir='ltr'>docti</span> <span class='ocrx_word' id='word_1_150' title='bbox 621 3018 808 3082; x_wconf 85' lang='lat' dir='ltr'>censuerint</span> <span class='ocrx_word' id='word_1_151' title='bbox 842 3017 1010 3081; x_wconf 84' lang='lat' dir='ltr'>invenitur</span> <span class='ocrx_word' id='word_1_152' title='bbox 1041 3017 1183 3101; x_wconf 93' lang='lat' dir='ltr'>primum</span> <span class='ocrx_word' id='word_1_153' title='bbox 1217 3018 1251 3080; x_wconf 93' lang='lat' dir='ltr'>in</span> 
     </span>
     <span class='ocr_line' id='line_1_24' title="bbox 180 3121 1251 3210; baseline -0.002 -20"><span class='ocrx_word' id='word_1_154' title='bbox 180 3125 379 3190; x_wconf 89' lang='lat' dir='ltr'>editionibus</span> <span class='ocrx_word' id='word_1_155' title='bbox 418 3125 597 3208; x_wconf 88' lang='lat' dir='ltr'>adnotatis,</span> <span class='ocrx_word' id='word_1_156' title='bbox 638 3147 721 3210; x_wconf 91' lang='lat' dir='ltr'>quae</span> <span class='ocrx_word' id='word_1_157' title='bbox 760 3125 803 3188; x_wconf 93' lang='lat' dir='ltr'>ad</span> <span class='ocrx_word' id='word_1_158' title='bbox 842 3121 1035 3188; x_wconf 79' lang='lat' dir='ltr'>Ciceronem</span> <span class='ocrx_word' id='word_1_159' title='bbox 1074 3132 1131 3187; x_wconf 90' lang='lat' dir='ltr'>aut</span> <span class='ocrx_word' id='word_1_160' title='bbox 1170 3123 1251 3188; x_wconf 92' lang='lat' dir='ltr'>alios</span> 
     </span>
     <span class='ocr_line' id='line_1_25' title="bbox 179 3231 1251 3318; baseline -0.001 -21"><span class='ocrx_word' id='word_1_161' title='bbox 179 3234 354 3318; x_wconf 91' lang='lat' dir='ltr'>scriptores</span> <span class='ocrx_word' id='word_1_162' title='bbox 370 3233 544 3318; x_wconf 87' lang='lat' dir='ltr'>pertinent,</span> <span class='ocrx_word' id='word_1_163' title='bbox 563 3232 682 3295; x_wconf 92' lang='lat' dir='ltr'>deinde</span> <span class='ocrx_word' id='word_1_164' title='bbox 698 3233 732 3295; x_wconf 92' lang='lat' dir='ltr'>in</span> <span class='ocrx_word' id='word_1_165' title='bbox 753 3231 1011 3295; x_wconf 88' lang='lat' dir='ltr'>institutionibus</span> <span class='ocrx_word' id='word_1_166' title='bbox 1027 3232 1251 3315; x_wconf 83' lang='lat' dir='ltr'>grammaticis</span> 
     </span>
     <span class='ocr_line' id='line_1_26' title="bbox 178 3339 1251 3425; baseline 0 -21"><span class='ocrx_word' id='word_1_167' title='bbox 178 3340 310 3425; x_wconf 85' lang='lat' dir='ltr'>linguae</span> <span class='ocrx_word' id='word_1_168' title='bbox 326 3341 475 3420; x_wconf 88' lang='lat' dir='ltr'>Latinae,</span> <span class='ocrx_word' id='word_1_169' title='bbox 493 3340 635 3425; x_wconf 92' lang='lat' dir='ltr'>denique</span> <span class='ocrx_word' id='word_1_170' title='bbox 652 3341 685 3403; x_wconf 90' lang='lat' dir='ltr'>in</span> <span class='ocrx_word' id='word_1_171' title='bbox 702 3340 802 3403; x_wconf 92' lang='lat' dir='ltr'>variis</span> <span class='ocrx_word' id='word_1_172' title='bbox 815 3340 945 3425; x_wconf 93' lang='lat' dir='ltr'>scriptis</span> <span class='ocrx_word' id='word_1_173' title='bbox 962 3339 1004 3403; x_wconf 92' lang='lat' dir='ltr'>ad</span> <span class='ocrx_word' id='word_1_174' title='bbox 1020 3361 1073 3402; x_wconf 86' lang='lat' dir='ltr'>res</span> <span class='ocrx_word' id='word_1_175' title='bbox 1088 3360 1251 3423; x_wconf 92' lang='lat' dir='ltr'>gramma-</span> 
     </span>
     <span class='ocr_line' id='line_1_27' title="bbox 125 3446 521 3533; baseline -0.008 -21"><span class='ocrx_word' id='word_1_176' title='bbox 125 3489 131 3499; x_wconf 92' lang='lat'>·</span> <span class='ocrx_word' id='word_1_177' title='bbox 181 3450 263 3512; x_wconf 88' lang='lat' dir='ltr'>ticas</span> <span class='ocrx_word' id='word_1_178' title='bbox 287 3446 521 3533; x_wconf 90' lang='lat' dir='ltr'>spectantibus.</span> 
     </span>
    </p>

    <p class='ocr_par' dir='ltr' id='par_1_13' title="bbox 178 3553 1251 3961">
     <span class='ocr_line' id='line_1_28' title="bbox 267 3553 1250 3639; baseline 0 -21"><span class='ocrx_word' id='word_1_179' title='bbox 267 3555 468 3639; x_wconf 90' lang='lat' dir='ltr'>Interpretes</span> <span class='ocrx_word' id='word_1_180' title='bbox 484 3554 552 3617; x_wconf 86' lang='lat' dir='ltr'>fere</span> <span class='ocrx_word' id='word_1_181' title='bbox 568 3576 679 3618; x_wconf 90' lang='lat' dir='ltr'>omnes</span> <span class='ocrx_word' id='word_1_182' title='bbox 697 3553 841 3618; x_wconf 91' lang='lat' dir='ltr'>breviter</span> <span class='ocrx_word' id='word_1_183' title='bbox 857 3562 1111 3617; x_wconf 89' lang='lat' dir='ltr'>commemorant</span> <span class='ocrx_word' id='word_1_184' title='bbox 1134 3553 1175 3618; x_wconf 91' lang='lat' dir='ltr'>de</span> <span class='ocrx_word' id='word_1_185' title='bbox 1199 3553 1250 3618; x_wconf 87' lang='lat' dir='ltr'>his</span> 
     </span>
     <span class='ocr_line' id='line_1_29' title="bbox 178 3660 1251 3746; baseline -0.004 -19"><span class='ocrx_word' id='word_1_186' title='bbox 178 3662 348 3727; x_wconf 91' lang='lat' dir='ltr'>structuris</span> <span class='ocrx_word' id='word_1_187' title='bbox 381 3683 419 3725; x_wconf 90' lang='lat' dir='ltr'>ac</span> <span class='ocrx_word' id='word_1_188' title='bbox 459 3684 500 3724; x_wconf 90' lang='lat' dir='ltr'>ne</span> <span class='ocrx_word' id='word_1_189' title='bbox 532 3661 566 3724; x_wconf 90' lang='lat' dir='ltr'>id</span> <span class='ocrx_word' id='word_1_190' title='bbox 602 3661 734 3746; x_wconf 90' lang='lat' dir='ltr'>quidem</span> <span class='ocrx_word' id='word_1_191' title='bbox 767 3661 807 3725; x_wconf 91' lang='lat' dir='ltr'>de</span> <span class='ocrx_word' id='word_1_192' title='bbox 849 3660 1016 3743; x_wconf 75' lang='lat' dir='ltr'>omnibuS,</span> <span class='ocrx_word' id='word_1_193' title='bbox 1053 3660 1110 3725; x_wconf 92' lang='lat' dir='ltr'>sed</span> <span class='ocrx_word' id='word_1_194' title='bbox 1146 3660 1251 3724; x_wconf 92' lang='lat' dir='ltr'>solum</span> 
     </span>
     <span class='ocr_line' id='line_1_30' title="bbox 178 3767 1251 3854; baseline -0.001 -21"><span class='ocrx_word' id='word_1_195' title='bbox 178 3769 218 3833; x_wconf 92' lang='lat' dir='ltr'>de</span> <span class='ocrx_word' id='word_1_196' title='bbox 247 3777 411 3833; x_wconf 89' lang='lat' dir='ltr'>structura</span> <span class='ocrx_word' id='word_1_197' title='bbox 434 3768 484 3848; x_wconf 76' lang='lat' dir='ltr'>H3</span> <span class='ocrx_word' id='word_1_198' title='bbox 513 3768 601 3854; x_wconf 91' lang='lat' dir='ltr'>quod</span> <span class='ocrx_word' id='word_1_199' title='bbox 630 3789 704 3831; x_wconf 88' lang='lat' dir='ltr'>curn</span> <span class='ocrx_word' id='word_1_200' title='bbox 732 3768 784 3851; x_wconf 90' lang='lat' dir='ltr'>fit,</span> <span class='ocrx_word' id='word_1_201' title='bbox 813 3789 882 3831; x_wconf 90' lang='lat' dir='ltr'>rem</span> <span class='ocrx_word' id='word_1_202' title='bbox 905 3767 1001 3831; x_wconf 92' lang='lat' dir='ltr'>modo</span> <span class='ocrx_word' id='word_1_203' title='bbox 1025 3775 1154 3850; x_wconf 88' lang='lat' dir='ltr'>notant,</span> <span class='ocrx_word' id='word_1_204' title='bbox 1180 3769 1251 3832; x_wconf 90' lang='lat' dir='ltr'>eius</span> 
     </span>
     <span class='ocr_line' id='line_1_31' title="bbox 179 3875 1250 3961; baseline 0 -22"><span class='ocrx_word' id='word_1_205' title='bbox 179 3885 288 3939; x_wconf 90' lang='lat' dir='ltr'>autern</span> <span class='ocrx_word' id='word_1_206' title='bbox 305 3898 437 3939; x_wconf 90' lang='lat' dir='ltr'>causam</span> <span class='ocrx_word' id='word_1_207' title='bbox 454 3897 610 3960; x_wconf 88' lang='lat' dir='ltr'>quaerere</span> <span class='ocrx_word' id='word_1_208' title='bbox 627 3875 794 3956; x_wconf 78' lang='lat' dir='ltr'>omittunt3</span> <span class='ocrx_word' id='word_1_209' title='bbox 820 3875 931 3960; x_wconf 89' lang='lat' dir='ltr'>itaque</span> <span class='ocrx_word' id='word_1_210' title='bbox 948 3897 991 3938; x_wconf 85' lang='lat' dir='ltr'>ex</span> <span class='ocrx_word' id='word_1_211' title='bbox 1008 3876 1065 3958; x_wconf 80' lang='lat' dir='ltr'>eie,</span> <span class='ocrx_word' id='word_1_212' title='bbox 1089 3883 1250 3961; x_wconf 88' lang='lat' dir='ltr'>quantum</span> 
     </span>
    </p>
   </div>
   <div class='ocr_carea' id='block_1_7' title="bbox 176 3981 1250 4175">
    <p class='ocr_par' dir='ltr' id='par_1_14' title="bbox 176 3981 1250 4175">
     <span class='ocr_line' id='line_1_32' title="bbox 179 3981 1250 4068; baseline 0 -21"><span class='ocrx_word' id='word_1_213' title='bbox 179 3984 310 4064; x_wconf 86' lang='lat' dir='ltr'>scimus,</span> <span class='ocrx_word' id='word_1_214' title='bbox 329 3982 432 4047; x_wconf 91' lang='lat' dir='ltr'>verba</span> <span class='ocrx_word' id='word_1_215' title='bbox 448 3982 546 4068; x_wconf 90' lang='lat' dir='ltr'>paulo</span> <span class='ocrx_word' id='word_1_216' title='bbox 563 3982 658 4068; x_wconf 92' lang='lat' dir='ltr'>plura</span> <span class='ocrx_word' id='word_1_217' title='bbox 674 3983 837 4046; x_wconf 86' lang='lat' dir='ltr'>fecerunt:</span> <span class='ocrx_word' id='word_1_218' title='bbox 862 3982 900 4045; x_wconf 88' lang='lat' dir='ltr'>R.</span> <span class='ocrx_word' id='word_1_219' title='bbox 916 3981 1250 4066; x_wconf 85' lang='lat' dir='ltr'>Stuerenburgius</span> 
     </span>
     <span class='ocr_line' id='line_1_33' title="bbox 176 4086 1250 4175; baseline 0 -21"><span class='ocrx_word' id='word_1_220' title='bbox 176 4086 232 4172; x_wconf 89' lang='lat' dir='ltr'>(ad</span> <span class='ocrx_word' id='word_1_221' title='bbox 261 4114 305 4154; x_wconf 90' lang='lat' dir='ltr'>or.</span> <span class='ocrx_word' id='word_1_222' title='bbox 335 4113 365 4175; x_wconf 93' lang='lat' dir='ltr'>p.</span> <span class='ocrx_word' id='word_1_223' title='bbox 400 4089 500 4154; x_wconf 81' lang='lat' dir='ltr'>Arch.</span> <span class='ocrx_word' id='word_1_224' title='bbox 537 4112 569 4174; x_wconf 86' lang='lat' dir='ltr'>p.</span> <span class='ocrx_word' id='word_1_225' title='bbox 599 4089 655 4170; x_wconf 76' lang='lat'>253</span> <span class='ocrx_word' id='word_1_226' title='bbox 699 4090 789 4175; x_wconf 90' lang='lat' dir='ltr'>Lips.</span> <span class='ocrx_word' id='word_1_227' title='bbox 825 4089 939 4172; x_wconf 80' lang='lat'>1832),</span> <span class='ocrx_word' id='word_1_228' title='bbox 977 4088 1034 4153; x_wconf 86' lang='lat' dir='ltr'>Fr.</span> <span class='ocrx_word' id='word_1_229' title='bbox 1070 4089 1250 4154; x_wconf 86' lang='lat' dir='ltr'>Kritzius</span> 
     </span>
    </p>
   </div>
   <div class='ocr_carea' id='block_1_8' title="bbox 0 0 1438 4762">
    <p class='ocr_par' dir='ltr' id='par_1_15' title="bbox 0 0 1438 4762">
     <span class='ocr_line' id='line_1_34' title="bbox 0 0 1438 4762; baseline 0 2"><span class='ocrx_word' id='word_1_230' title='bbox 0 0 1438 4762; x_wconf 95' lang='lat' dir='ltr'> </span> 
     </span>
    </p>
   </div>
  </div>
 </body>
</html>
