2866 4762
503 310 815 374 .-s4-

175 487 261 569 quod
289 508 357 548 8888
386 509 449 549 uon
478 500 583 572 posset
610 490 732 568 audire,
762 503 797 553 88
826 491 879 553 ille
909 489 988 570 „Tu
1011 487 1109 554 oero“
1132 495 1250 576 inquit,

175 591 312 679 ‚,potes“
336 604 368 657 et
392 615 422 678 q.
441 617 465 657 8.

317 694 398 748 Itemz
416 715 442 766 p.
457 696 562 751 Cluent.
582 697 617 751 40
631 697 678 765 (ad
690 716 765 768 quoru
783 700 861 767 8888);
882 699 915 753 de
929 699 981 753 div.
996 699 1021 752 Il
1036 701 1070 754 74
1084 701 1157 772 (8888
1170 703 1250 769 rum).

264 860 304 924 In
328 860 476 946 spodosi:

265 968 413 1033 Verbum
459 969 620 1033 enuntiati
662 970 808 1054 primarii
857 971 1017 1036 omittitur
1024 993 1031 1052 ;
1079 973 1167 1057 quod
1214 974 1246 1036 in

175 1075 339 1141 looutione
368 1076 473 1140 velut:
510 1086 588 1141 tum
617 1076 695 1159 hio,
732 1074 809 1141 tu'm
846 1076 915 1142 ille
948 1100 1015 1163 pro
1051 1087 1129 1142 tum
1171 1078 1250 1162 hio,

176 1192 253 1247 tum
277 1183 345 1247 ille
369 1184 473 1248 dixit
497 1185 688 1248 ooourrit:
1190 1256 1194 1262 ⁶

266 1291 307 1355 od
335 1292 411 1355 fam.
443 1291 495 1354 XI
524 1291 577 1374 27,
604 1293 636 1354 1:
676 1291 774 1370 Quem
810 1315 879 1354 8888
915 1291 1125 1375 8888898888,
1164 1296 1248 1377 quod

175 1423 292 1484 paruus
326 1400 501 1463 valetudini
530 1412 687 1484 parceret,
724 1411 789 1462 8888
824 1400 887 1483 ille,
924 1400 1006 1462 uidil
1032 1401 1095 1463 sibi
1125 1401 1250 1485 loupius

168 1509 276 1590 fuisse
302 1530 397 1592 quarn
420 1519 455 1569 88
476 1530 524 1570 888
546 1509 674 1569 uideret.

266 1615 329 1678 Pro
369 1615 537 1678 enuntiato
580 1614 733 1699 primario
777 1615 988 1698 interrogatio
1036 1613 1169 1699 obliqua
1216 1625 1250 1678 et

176 1721 299 1786 locutio
322 1745 342 1784 a
365 1744 431 1806 qus
453 1720 511 1785 illa
533 1721 670 1806 pendet:

267 1851 311 1892 or.
339 1827 394 1892 19:
421 1851 511 1913 quem
535 1832 564 1891 si
586 1831 711 1891 imitare
735 1840 830 1912 atque
853 1831 1031 1913 eapriuiere
1052 1851 1117 1891 non
1134 1852 1249 1913 possu-

176 1959 245 1998 ruus
271 1987 278 2000 .
304 1987 310 1998 .
338 1987 345 1999 .
376 1949 410 2000 at
433 1937 538 2020 qualis
564 1958 629 1999 esse
652 1935 761 1998 debeat
789 1939 962 2020 poterimus
978 1936 1123 2017 fortasse
1147 1938 1250 2000 disere

180 2043 319 2129 (poterat
343 2044 424 2108 dici:
449 2045 515 2128 qui,
541 2044 568 2107 si
593 2065 666 2108 oum
693 2093 699 2107 .
727 2094 733 2106 .
760 2043 792 2121 .).

165 2339 169 2347 ¹
271 2271 473 2333 Ablstivum.

268 2392 379 2455 Unum
404 2392 609 2455 enuntiatum
632 2391 665 2453 in
689 2391 812 2475 protasi
836 2389 991 2453 ooourrit:

268 2498 310 2562 ad
327 2499 404 2562 fam
421 2498 453 2561 V
471 2498 522 2580 16,
539 2499 576 2562 4.
602 2498 684 2560 8881888
673 2498 787 2560 888888
810 2519 873 2559 8888
895 2500 930 2559 88
954 2509 1066 2576 88888;8
1091 2499 1127 2559 88
1144 2519 1208 2581 quo
1223 2520 1251 2560 88

177 2608 318 2670 resideat
306 2619 459 2684 t,sensus
471 2607 658 2669 iusiuortalit
647 2606 838 2668 tusillat
778 2617 838 2690 pot
838 2607 889 2667 ius
903 2626 998 2688 quani
1010 2626 1093 2667 88888
1107 2605 1251 2668 ducenda

178 2719 233 2794 sit,
267 2714 307 2778 de
328 2713 610 2778 nat.de0r.160:
646 2725 773 2775 8888888
800 2723 874 2774 8888
904 2711 1085 2790 Simonide,
1123 2713 1161 2775 de
1190 2734 1252 2796 quo

180 2845 250 2884 8888
266 2825 470 2907 quaesivisset
509 2821 566 2884 1888
601 2821 684 2882 ideas
715 2832 870 2903 tprunnus
905 2819 1015 2898 Hiero,
1052 2818 1251 2882 deliberande

179 2932 242 2996 sibi
278 2954 377 2994 88888
416 2933 497 2993 dieue
528 2929 713 3013 postulauit.
780 2925 864 2989 Phil.
899 2924 984 2988 XIV
1009 2925 1065 2989 16:
1111 2925 1152 2988 In
1188 2950 1250 3012 888

180 3043 323 3105 contione
366 3061 434 3101 eum
474 3059 522 3099 888
559 3057 620 3120 pro
660 3056 781 3097 8888888
821 3046 932 3096 nostra
969 3035 1190 3097 coniunctione
1224 3046 1251 3097 et

171 3148 403 3232 familiaritate
454 3145 588 3206 liberare
636 3144 817 3226 suspicione
858 3141 1005 3221 J'useiuin
1051 3140 1142 3203 uellet
1192 3141 1250 3218 (so.

179 3257 216 3319 P.
240 3253 424 3339 Apuleius),
460 3275 525 3314 888
562 3272 637 3313 8888
675 3264 787 3311 888888
826 3250 928 3310 888888
962 3246 1137 3310 declaravit
1171 3248 1253 3310 nilil

181 3384 245 3427 8888
268 3371 301 3426 ot
324 3383 354 3445 q.
374 3383 398 3423 s.

271 3503 371 3567 Plura
395 3491 567 3565 enuntiato¹
587 3499 710 3564 diversi
738 3497 861 3562 ordinis
885 3496 1022 3582 praebet
1046 3498 1186 3582 protasis
1218 3498 1249 3560 in

181 3612 284 3676 tribus
309 3608 481 3675 simillimis
505 3608 599 3672 loois:

270 3742 302 3804 p.
332 3717 459 3781 Cluent.
493 3714 571 3779 105:
607 3739 628 3777 8
657 3713 770 3798 quibus
804 3714 831 3774 88
868 3723 1030 3796 quaereret
1064 3713 1253 3775 sedissentne

181 3829 301 3891 iudices
325 3829 359 3888 in
383 3824 416 3890 C.
435 3824 631 3900 Fabricium,
656 3824 772 3884 sedisse
795 3843 826 3884 se
849 3821 1083 3904 responderent.

271 3957 302 4019 p.
328 3932 440 3997 Sosur.
463 3932 520 3996 33:
557 3955 577 3992 8
605 3952 666 4014 quo
703 3951 772 3991 8888
808 3939 1011 4011 quaereretur
1046 3948 1142 4010 quam
1176 3947 1250 4010 pro·

182 4044 319 4105 8888888888
353 4053 408 4102 aut
436 4061 532 4123 quarn
561 4039 643 4099 diens
671 4038 794 4099 testium
822 4035 1007 4119 postularet,
1044 4034 1156 4096 doram
1190 4031 1252 4094 sibi

183 4162 335 4224 88888888,
361 4151 436 4210 dum
460 4193 491 4208 ..
513 4195 519 4208 .
544 4147 729 4228 inquireret,
750 4143 936 4227 postulauit.
