2866 4762
602 319 656 340 -·
686 299 746 361 141
793 335 833 342 —

266 472 317 537 Et
340 474 511 539 eiusdem
536 485 573 540 et
597 476 745 542 divorsi
769 478 938 544 ordinis:

267 580 307 644 de
331 602 422 667 rep.
446 581 463 646 I
487 582 547 647 65:
573 605 665 668 qoem
688 588 718 647 ei
740 588 903 672 optiazatee
920 601 1139 674 oppreseraot²
1165 593 1252 675 qaod

172 690 274 767 ferme
297 691 408 770 eventi,
443 690 535 755 babet
569 704 683 757 statam
717 716 767 757 ree
793 694 925 779 publica
952 698 991 760 de
1019 698 1119 761 tribea
1142 720 1250 761 necao·

176 799 314 880 doricae,
339 811 384 862 eet
407 799 490 861 enim
515 803 610 883 quari
631 803 762 885 repient,
792 804 828 865 id
850 816 895 866 cet
912 806 1059 888 patriam
1083 806 1251 869 consiliaro

172 906 296 990 populo
320 904 396 969 berre
419 906 646 970 consulentium
667 910 860 994 principum.

319 998 399 1053 Item:
420 1018 446 1069 p.
466 998 534 1054 sull.
553 1000 571 1053 4
590 1002 672 1069 (quero
691 1005 767 1071 corn).

267 1129 444 1195 Protesis
468 1131 750 1216 complectitur
773 1135 983 1198 enuntiata
1011 1145 1051 1199 ot
1075 1136 1249 1201 eiusdem

177 1246 216 1300 et
239 1236 389 1301 diversi
413 1237 576 1302 ordinis:

265 1344 447 1430 Apodosis:

265 1451 450 1517 Eiusdem
473 1451 639 1517 ordinis:

266 1582 297 1644 p.
315 1560 410 1623 Font.
428 1559 485 1624 39:
518 1558 617 1638 Quem
633 1583 704 1623 carro
718 1563 753 1623 io
770 1564 943 1626 contionem
963 1560 1125 1627 Groccbrar
1142 1567 1252 1627 oocari

175 1669 295 1732 iuberet
317 1680 346 1731 et
367 1670 472 1730 aiator
500 1679 663 1752 quaereret
692 1689 804 1751 „querc
828 1668 1020 1733 Pieoaeoffl
1050 1672 1249 1754 qaod'eraat

174 1777 293 1861 plaree,
313 1772 427 1860 „Capio
442 1772 509 1838 ace“
528 1777 644 1858 inquit,
669 1775 792 1855 „dicere
808 1778 974 1839 inimicam
993 1799 1096 1840 meare
1111 1776 1246 1862 Frapi.“

265 1900 427 1964 Diversi
451 1899 618 1964 ordinis:
644 1899 678 1963 in
702 1900 848 1965 oratione
871 1900 1019 1986 obliqua:

265 2008 356 2072 acad.
375 2029 423 2092 pr.
440 2006 475 2071 ΙΙ
492 2007 549 2070 29:
583 2029 679 2090 quarn
702 2010 858 2071 rationem
882 2011 1033 2092 quoniam
1056 2012 1251 2095 irreperent
1336 2090 1342 2101 ο

176 2118 347 2200 docereque
369 2115 492 2193 oelleat,
521 2136 602 2197 quae
617 2116 687 2176 aira
704 2117 810 2199 accepi
833 2127 989 2200 oporteret
1012 2128 1041 2180 et
1057 2138 1139 2200 qaae
1153 2139 1249 2202 repa-

177 2225 273 2304 cliari‚
299 2234 378 2286 certe
394 2221 451 2284 boo
471 2223 589 2306 ipram,
615 2243 653 2283 ea
669 2243 731 2306 qao
749 2243 838 2284 oreae
858 2225 927 2285 veri
934 2221 1080 2306 falsique
1095 2225 1251 2286 iodicium

176 2343 262 2411 erret,
284 2332 451 2416 percipere
476 2350 526 2391 eoo
551 2328 709 2404 debaieee3

265 2456 314 2520 Et
338 2453 514 2519 eiusdem
538 2464 576 2517 ot
599 2453 750 2518 diversi
774 2453 936 2518 ordinis:
1248 2499 1250 2503 ψ

266 2562 351 2626 Phil.
369 2561 422 2625 XI
438 2561 494 2624 26:
522 2559 617 2640 Quod
640 2563 669 2624 ei
691 2561 860 2644 confecerit
875 2561 997 2625 Brutus
1022 2576 1051 2626 et
1065 2563 1252 2626 intelleaerit

175 2673 249 2758 ples
266 2693 298 2734 ee
313 2672 362 2733 rei
374 2667 521 2754 publicae
535 2669 752 2753 profuturam,
770 2671 801 2731 ei
814 2669 1017 2732 Dolabellam
1030 2684 1249 2755 peraequatur,

177 2801 272 2865 qaam
294 2780 324 2841 ei
345 2781 381 2840 iri
407 2775 545 2840 Graecia
567 2788 704 2856 mancat,
729 2789 800 2861 apel
822 2779 891 2861 ipre
911 2799 972 2862 per
987 2800 1062 2858 rese,
1087 2791 1123 2841 ret
1146 2778 1251 2842 adbuc

176 2909 299 2972 qaoque
318 2886 414 2969 feeit,
449 2906 549 2969 oeque
584 2887 620 2946 ia
654 2896 699 2948 tot
731 2886 897 2965 incendiis,
935 2886 1048 2969 proibeo
1084 2887 1251 2968 confertim

176 2996 423 3059 eocercrreodaro
446 3006 500 3071 eet,
526 2993 718 3077 respectabit
741 3004 892 3055 senatori.

264 3103 384 3166 Forma
408 3094 569 3179 a'(b:A):

264 3209 306 3273 do
327 3230 413 3293 rep.
435 3206 565 3271 11142:
613 3205 702 3285 Quae
741 3230 811 3270 aare
845 3208 977 3271 obiecisset
1009 3206 1153 3287 Laeliae,
1194 3211 1252 3270 etri

177 3340 289 3399 arataeo,
316 3319 374 3402 qai
396 3317 541 3393 aderant,
567 3314 790 3400 oipaifioabarct
812 3313 851 3378 ob
876 3338 910 3379 co
935 3338 967 3379 ee
991 3338 1054 3378 eree
1078 3316 1251 3378 adeladam

177 3426 351 3503 delectatos,
388 3436 491 3487 tameo
523 3434 650 3508 praeter
685 3435 799 3487 ceterae
836 3415 947 3509 Sce'pio
984 3427 1079 3508 quari
1112 3425 1251 3509 quodam

174 3535 292 3616 paedia
317 3532 426 3611 elatae,
454 3531 596 3612 „Multae
620 3542 653 3593 ta
678 3524 824 3614 quideci‘
849 3533 966 3616 inquit,
1006 3530 1128 3613 „Laeli
1158 3553 1251 3616 saepe

176 3663 288 3704 causae
310 3643 357 3703 ita
382 3638 562 3721 defendieti‚
587 3649 622 3700 at
645 3660 700 3722 epo
725 3661 790 3702 aare
812 3641 905 3702 orado
930 3649 963 3703 et
978 3660 1009 3724 q.
1027 3661 1053 3702 s,

176 3827 429 3892 Enuntiatum
465 3824 679 3890 relativum
708 3837 766 3890 ost
794 3826 1052 3910 interrogatio
1087 3824 1250 3912 obliqua

381 3942 447 3998 out
470 3934 715 3997 enuntiatum
739 3932 1039 3997 substantivum.

264 4042 524 4106 Enuntiatum
569 4040 866 4105 substantivum
915 4050 963 4104 ost
1007 4041 1075 4104 fere
1122 4062 1251 4125 sempor

177 4150 342 4215 obiectum
366 4149 461 4214 verbi
484 4148 538 4212 vel
561 4147 744 4232 locutioniS‚
770 4170 789 4211 e
812 4169 878 4233 qna
900 4147 1040 4234 pendet:
