2866 4762
600 289 831 354 -168—

269 464 352 545 Quat
374 489 411 530 ea
435 467 494 530 laec
509 467 574 551 [epe
588 468 808 546 ioudicooerr‘t,
833 471 861 530 ia
876 469 983 551 facito
1001 478 1033 533 et
1049 492 1080 554 q.
1099 493 1124 534 s.
1150 469 1246 548 (Tab.

177 572 304 650 Bant.¹)
329 596 381 659 ap.
396 574 507 638 Paetz.
521 573 582 637 hoc
607 573 795 659 exemplum
814 575 849 638 in
865 597 897 660 p.
914 575 962 657 l)3

269 687 299 744 2.
325 680 379 744 Ex
396 680 458 744 hac
470 681 583 744 nativa
599 681 703 745 forma
715 691 819 745 ortam
832 705 902 746 esse
915 683 1051 746 formam
1064 683 1248 767 relativam,

177 788 450 872 quae-notionem
474 788 639 872 quandam
662 789 913 873 praecedentem
937 790 1075 854 referret
1106 790 1171 876 (op.
1198 790 1250 854 all.

177 916 211 980 p.
239 895 308 972 12):

266 1001 320 1065 Ex
345 1002 615 1066 conformatione:
654 1000 736 1081 Quoi
759 1052 765 1067 .
785 1052 817 1067 ..
843 1005 1064 1084 iouda‘cacert't,
1089 1007 1118 1067 t'a
1132 1005 1250 1088 facito,

181 1131 256 1173 curn
280 1109 573 1173 demonstrativum
596 1112 784 1194 praecessit,
810 1111 950 1175 exstitit:

389 1217 416 1280 is
440 1217 549 1298 facito,
575 1217 650 1302 quei
675 1266 734 1282 ...
759 1218 976 1281 ioudioaverit

267 1323 320 1387 vel

393 1431 431 1512 is,
457 1431 534 1515 quei
559 1481 565 1493 .
586 1481 618 1493 ..
644 1431 869 1507 ioudicaverit,
893 1433 1002 1496 facito.

267 1536 339 1600 Hoc
367 1537 462 1601 modo
488 1536 552 1622 (op.
578 1537 631 1601 all.
657 1561 689 1623 p.
714 1536 772 1619 40)
807 1548 911 1603 ortam
946 1561 1016 1604 esse
1052 1540 1251 1624 pronominis

177 1643 309 1708 relativi
343 1643 533 1708 facultatem
569 1645 806 1730 coniungendi:
842 1647 982 1731 primum
1012 1647 1046 1710 in
1075 1647 1251 1710 enuntiatis

176 1751 323 1816 relativis
347 1760 396 1816 ut:
422 1753 495 1835 vir,
524 1753 589 1838 qni
613 1752 683 1817 hoc
716 1753 831 1837 dixit,
857 1753 970 1837 abiit,
996 1754 1114 1818 deinde
1141 1755 1175 1817 in
1207 1755 1251 1818 eis

177 1859 364 1941 enuntiatis,
400 1859 434 1922 in
478 1859 596 1944 quibus
631 1882 690 1945 pro
725 1859 863 1924 relativo
893 1861 1058 1946 particula
1090 1861 1251 1946 quaedam

177 1966 388 2031 subiunctiva
426 1968 504 2052 poni
541 1976 659 2052 posset,
696 1977 748 2031 ut:
790 1966 938 2032 Caesar
977 1968 1251 2053 exploratores

179 2074 301 2157 misit,
326 2075 391 2159 qui
415 2073 595 2137 viderent
620 2124 626 2136 .
647 2124 678 2137 ..

268 2184 298 2246 3.
327 2181 480 2266 Denique
511 2203 589 2265 „pro
613 2181 794 2245 subtilitate
822 2192 921 2267 atque
949 2183 1113 2246 industria
1135 2183 1250 2247 Roma·

177 2311 293 2353 norum
318 2290 435 2352 animis
459 2289 567 2371 insita,
590 2311 674 2374 quae
694 2290 910 2353 necessariam
927 2311 1036 2353 rerum
1053 2312 1250 2375 consequen·

166 2397 258 2460 'tiam
282 2397 425 2463 maxime
450 2391 648 2459 sectaretur“
675 2393 721 2481 (p.
738 2393 796 2477 40)
817 2418 998 2460 sermonem
1015 2397 1171 2462 Latinum
1187 2420 1252 2462 non

178 2503 282 2569 solum
295 2524 395 2566 unam
407 2503 611 2586 sententiam,
632 2504 709 2584 „sed
722 2504 820 2567 etiam
833 2505 920 2588 ipsas
933 2504 1085 2588 periodos
1101 2507 1253 2589 quamvis

178 2611 330 2695 graviore
342 2611 605 2695 interpunctione
619 2610 787 2674 distinctas
803 2606 960 2674 relative“
979 2609 1025 2696 (p.
1042 2608 1100 2692 40)
1117 2614 1252 2676 coniun-

178 2741 256 2802 gere
280 2717 411 2783 solitnm
436 2740 515 2782 esse.
552 2718 645 2781 Haec
660 2718 800 2782 relativa
817 2720 1002 2782 coniunctio
1020 2718 1074 2782 vel
1090 2720 1251 2804 iunctura,

179 2827 221 2890 de
259 2848 325 2911 qua
361 2825 560 2890 Paetzoltius
595 2826 684 2908 dicit,
729 2826 816 2890 idem
852 2836 900 2890 est
935 2848 973 2889 ao
1018 2825 1252 2892 Germanicum

183 2933 427 3010 „relativischer
440 2929 645 3015 Anschluss“3
659 2933 746 3018 quod
760 2956 802 2996 ex
815 2933 985 3018 exemplis,
999 2957 1018 2997 a
1030 2935 1067 2998 P.
1081 2957 1124 2998 ex
1136 2933 1251 3019 lingua

179 3041 299 3106 Latina
327 3041 436 3126 prisca
467 3040 573 3104 allatis
597 3037 665 3126 (pg.
690 3042 731 3103 41
756 3040 841 3126 sqq.)
865 3042 944 3105 satis
968 3052 1079 3126 aperte
1104 3053 1251 3127 apparet.

270 3148 419 3212 Eandem
443 3149 596 3232 exposuit
617 3149 653 3211 P.
668 3149 854 3233 opinionem
871 3149 904 3211 in
922 3149 1254 3214 commentatiuncula

180 3278 264 3342 quae
299 3255 501 3320 inscribitur:
538 3255 691 3340 Beitrage
727 3278 785 3319 zur
810 3307 816 3319 .
837 3306 842 3318 .
862 3306 895 3319 ..
922 3256 976 3333 (cf.
1002 3256 1252 3341 praefationem)

179 3386 234 3449 pg.
252 3364 286 3426 X
302 3373 334 3427 et
350 3363 444 3427 XVI.

270 3470 325 3534 Ex
349 3470 622 3555 praecedentibus
647 3480 736 3533 arcte
752 3470 794 3533 ad
810 3481 956 3534 nostrum
972 3472 1174 3556 propositum
1190 3472 1253 3536 hoc

181 3587 309 3643 tantum
333 3586 472 3663 spectat:
503 3577 622 3641 formas
647 3588 883 3641 structurarum
908 3577 942 3640 Π
963 3590 996 3641 et
1016 3577 1070 3641 ΙΠ
1097 3599 1159 3641 nec
1187 3600 1252 3642 non

184 3695 367 3749 structurae
383 3685 400 3747 Ι
416 3688 627 3770 (quamquam
652 3685 688 3747 P.
706 3684 802 3748 huius
819 3694 1002 3748 structurae
1019 3684 1172 3769 exempla
1187 3677 1254 3749 non

182 3792 301 3874 affert),
335 3792 497 3877 explicari
533 3793 684 3855 iunctura
711 3790 864 3873 relativa3
897 3814 935 3855 ao
963 3814 1005 3855 ne
1028 3792 1181 3856 iniuriam
1205 3792 1254 3856 illi

182 3901 350 3977 faciamus,
386 3899 713 3963 animadvertendum
750 3908 808 3981 est,
846 3921 920 3962 eum
955 3908 1082 3962 tantum
1118 3899 1159 3962 de
1188 3899 1254 3964 illis

273 4136 293 4203 ¹)
311 4134 474 4189 Mommsen:
496 4135 520 4187 d.
534 4135 666 4188 unterital.
678 4134 813 4201 Dialekte,
823 4153 885 4205 pag.
898 4134 949 4188 149
960 4141 987 4188 et
998 4133 1091 4189 QLL.
1105 4134 1157 4188 vol.
1168 4134 1181 4188 I
1192 4135 1253 4190 197.
