2866 4762
603 324 831 388 -193—

270 503 325 567 Ex
349 503 467 588 quibus
492 512 636 587 apparet,
659 526 724 567 non
748 505 965 567 necessarium
990 527 1060 568 esse
1082 515 1117 568 ut
1132 528 1249 569 nomen

176 631 351 674 commune
363 608 429 672 alio
447 618 557 674 utatur
574 632 651 674 casu
667 611 700 674 in
718 620 854 696 utroque
872 612 1037 675 enuntiato
1055 622 1110 676 aut
1126 612 1252 677 tantum

176 717 453 782 constructionem
479 717 639 781 enuntiati
662 718 846 782 secundarii
870 729 1031 805 sequatur,
1063 741 1126 805 quo
1151 731 1260 784 struo·-

177 837 284 887 turam
310 823 345 887 II
368 822 598 909 explanemus,
621 824 788 907 sufficiunt
811 826 896 889 enim
919 836 954 889 ut
969 836 1117 890 occurrat
1132 849 1251 891 nomen

177 930 266 1016 quod
295 931 336 994 sit
377 952 549 994 commune
581 930 707 996 duobus
745 933 920 997 enuntiatis
955 933 1078 998 diversi
1112 934 1250 1016 ordinis3

177 1037 364 1124 quodcum
390 1038 437 1120 fit,
462 1052 518 1102 aut
542 1039 687 1124 sequitur
714 1039 796 1104 illud
827 1063 946 1104 nomen
976 1043 1259 1107 constructionem*

178 1145 339 1210 enuntiati
361 1145 517 1229 primarii,
549 1155 597 1210 ut:

271 1251 418 1338 Sopater,
449 1275 522 1316 curn
550 1253 608 1318 boc
635 1254 687 1317 illi
711 1304 717 1318 .
744 1304 751 1318 .
776 1303 784 1317 .
810 1257 985 1337 occidisset,
1014 1268 1183 1320 contractus
1207 1269 1252 1320 eat

177 1383 255 1424 sane
279 1370 312 1424 et
334 1381 365 1445 q.
383 1381 407 1423 s

270 1468 322 1531 cui
350 1466 525 1552 respondet
548 1478 710 1531 structura
733 1468 764 1532 I:

270 1576 336 1660 qui,
361 1596 435 1638 cum
459 1574 521 1638 hoc
544 1574 592 1638 illi
618 1625 677 1640 ...
702 1576 874 1640 accidisset
898 1587 931 1641 et
950 1600 981 1663 q.
1000 1600 1024 1642 s,

271 1691 336 1765 aut,
362 1683 556 1746 attractione
572 1683 669 1766 meta,
695 1685 840 1770 sequitur
863 1687 1137 1750 constructionem
1154 1708 1252 1749 enun-

180 1791 255 1854 tiati
279 1790 475 1871 secundarii,
503 1801 550 1853 ut:

400 1898 556 1960 Romanis
584 1901 643 1961 etsi
670 1901 777 1982 quitue
803 1921 852 1961 reu
881 1898 1121 1980 nuntiabantur,
1147 1912 1250 1964 tumen

450 2054 483 2069 ..
504 2054 510 2068 .
535 2003 731 2085 tnuntebaaa

395 2113 448 2175 cui
464 2112 640 2196 respondet
656 2122 818 2176 structura
833 2111 882 2176 II:

270 2219 387 2304 quibus
424 2220 484 2283 etsi
520 2220 649 2305 quietae
683 2242 735 2284 res
770 2220 1014 2303 nuntiabantur,
1042 2235 1249 2303 tamen...

179 2327 381 2390 muniebant.

270 2433 334 2497 Sed
360 2433 440 2497 haec
464 2433 629 2499 hactenus.

623 2799 749 2888 Caput
771 2800 819 2870 ΙΙ.

269 2957 351 3021 Cum
376 2959 440 3020 iam
462 2958 495 3020 in
513 2957 729 3022 diiudicandis
746 2959 890 3022 virorum
907 2957 1073 3022 doctorum
1092 2961 1250 3044 opinioni·
1276 2986 1283 3001 ·

179 3067 240 3131 bus
265 3067 341 3151 quid
369 3066 409 3129 de
434 3066 537 3130 tribus
561 3066 854 3131 constructionibus
877 3068 1052 3130 sentiamus
1076 3066 1185 3153 aliqua
1208 3091 1251 3132 ex

178 3191 271 3260 parto
296 3175 485 3256 dixerimus,
510 3195 596 3237 nunc
613 3195 710 3259 quam
727 3174 918 3238 brevissime
934 3173 1090 3237 iudicium
1106 3188 1251 3239 nostrum

178 3304 389 3366 exponemus.

322 3492 383 3560 51.
421 3490 566 3564 Quomodo
585 3492 649 3543 tros
668 3490 904 3545 constructiones
924 3490 1108 3547 exstltorlnta

255 3599 324 3676 iDe
349 3621 554 3676 structura
576 3610 639 3676 III.

272 3721 437 3785 Sermonis
456 3719 566 3782 Latini
582 3719 780 3783 consuetudo
798 3718 968 3805 quaedam,
993 3741 1076 3805 quae
1093 3718 1249 3785 latissime

179 3840 286 3914 patet,
295 3841 343 3891 est
357 3842 391 3891 ut
403 3828 605 3891 enuntiatum
619 3827 847 3890 secundarium
860 3828 1249 3912 anteponaturprimario:
1314 3870 1317 3878 -

251 3917 253 3921 ι
271 3938 303 3998 in
321 3936 414 3998 Verr.
433 3935 455 3998 l.
474 3935 490 3997 I
509 3932 588 3997 115:
615 3931 655 3996 Si
669 3933 828 3997 ltabut'sset
843 3936 900 3996 iate
916 3935 1060 4014 edictum,
1079 3937 1165 4020 quod
1180 3949 1252 4000 ante

177 4048 273 4107 istum
298 4055 325 4105 et
344 4055 457 4126 posteo
482 4063 586 4105 omnes
608 4039 792 4122 babuerunt,
816 4043 971 4126 possessio
988 4042 1151 4107 Minuciae
1164 4048 1253 4130 penti

178 4164 256 4215 esset
280 4153 364 4213 duta.

231 4272 261 4312 n.
1055 4252 1089 4306 13
